2968 5060
869 235 877 278 i

587 349 797 400 nardulo.
1175 347 1236 394 alx

93 501 175 587 quod
199 505 428 582 Ζαχαρίου
461 501 735 587 Καλλιέργου
770 504 928 588 seriptum
963 509 996 566 et
1024 499 1238 578 Frondoforir')

90 628 169 672 anno
181 605 225 670 Μ.
237 605 280 669 Ι).
292 607 395 673 LIII.
415 609 578 702 indicato.
601 609 760 675 Eiusdem
774 609 928 695 repetitio
946 617 997 674 est
1012 627 1087 672 raro
1101 613 1235 670 mutae.

166 733 258 792 Brut.
281 729 359 820 HL]
391 736 551 798 iiteocriti
568 737 679 813 idyllia
699 751 755 796 sex
776 741 805 795 ei
825 737 964 810 triqinia',
985 749 1053 796 cum
1070 732 1188 792 scholiis
1207 734 1238 790 in

89 840 235 902 retuderim
246 843 361 916 priore
383 847 468 916 ete„
492 843 806 918 Annoratiunculisqee
820 845 851 902 ia
868 845 986 920 reliquo
1008 839 1158 899 Guiiieimi
1169 837 1236 914 Xy-

89 946 190 1003 iordri.
217 946 364 1006 Eiusdem
388 947 548 1008 Theocriti
559 947 796 1024 Epiprammoio‚
820 949 966 1024 Bipermis
986 952 1016 1008 ec
1032 948 1100 1005 Aio.
1124 945 1240 1004 Franc-

87 1051 157 1123 sorii
169 1067 227 1128 per
245 1053 372 1112 Peirwn
390 1051 613 1114 Bruiocitium.
633 1060 662 1112 8.
685 1083 726 1096 —
747 1049 787 1114 In
808 1047 959 1137 Epistola
980 1047 1238 1134 Nuncupatoria,

90 1171 165 1236 quae
192 1153 388 1240 subscripta
425 1161 479 1218 est
512 1153 709 1238 „Basileae,
743 1155 849 1243 pridie
876 1154 1040 1220 Calendas
1072 1153 1237 1242 Septemb.

90 1261 179 1322 Anno
198 1261 315 1322 1558.“
354 1263 441 1325 Gaii.
455 1263 615 1340 Xyionder
631 1263 810 1349 profitetur,
831 1281 866 1326 se
886 1260 962 1324 huie
978 1260 1114 1326 editioni
1135 1270 1167 1326 et
1181 1261 1237 1326 ad-

91 1363 186 1426 fuisse
200 1371 233 1426 et
249 1362 369 1451 aliqua
392 1389 440 1430 ex
460 1374 552 1454 parte
573 1367 768 1454 praefuisse.
806 1364 937 1432 Scholia
950 1365 1089 1451 singulis
1110 1366 1235 1455 idylliis

94 1469 232 1534 subiecta
251 1480 343 1535 suut.
391 1472 437 1536 In
459 1472 524 1536 fine
545 1472 706 1537 secedunt
726 1470 960 1538 Camerariana
982 1480 1019 1536 ut
1039 1473 1073 1536 in
1089 1473 1193 1540 Brub.
1213 1493 1236 1540 1.

95 1591 127 1639 ιι.
158 1573 305 1640 Contulit
328 1577 511 1642 Reiskius.

172 1701 251 1762 Mor.
270 1702 332 1780 ΙΙ.]
366 1701 604 1780 Θεοκρίτου
635 1741 677 1751 -
704 1706 763 1767 Aio
789 1704 841 1784 (ut
869 1702 904 1766 in
930 1699 1075 1784 Weeh.).
1114 1707 1240 1766 Parisiis

99 1806 138 1865 ii.
156 1807 189 1867 D.
205 1808 291 1868 LXI.
318 1812 417 1887 apud
439 1811 515 1870 Gaii.
538 1811 695 1872 Moralium
725 1816 756 1872 in
781 1813 905 1874 Graecis
934 1811 1153 1886 iypoqraptum
1176 1812 1240 1872 Iis-

98 1915 184 1984 oium.
207 1923 234 1972 i.
265 1950 304 1959 —
330 1909 451 1975 Solum
471 1920 597 1975 textum
618 1907 710 1977 tenet
733 1915 804 1978 sine
827 1912 1068 2002 prolegomenis
1091 1921 1124 1974 et
1145 1933 1239 1996 argu-

100 2017 219 2079 mentis.
264 2015 385 2097 Quum
422 2027 497 2104 post
524 2017 567 2080 H.
598 2017 800 2106 Stephanum
837 2041 931 2084 nemo
961 2017 1123 2082 editorum
1156 2018 1240 2084 hane

100 2118 270 2186 editionem
286 2123 505 2210 inspexisset,
528 2125 598 2210 ipse
619 2147 699 2190 usus
723 2148 794 2192 sum
816 2123 996 2212 exemplari
1017 2123 1237 2210 Gottingensi.

179 2249 270 2340 Met]
303 2257 428 2317 Moschi
448 2257 543 2316 Siculi
561 2263 591 2316 ei
611 2255 717 2317 Bionis
741 2257 901 2336 Smyrnaei
922 2257 1036 2333 IdyHio
1055 2267 1108 2319 eie.
1152 2259 1239 2320 Bru-

102 2357 142 2427 οἱς
170 2359 336 2423 Fiorrdror.
367 2361 547 2421 Exeudebot
575 2363 723 2424 Haterius
754 2365 884 2428 Goltzius
912 2363 998 2423 Anno
1025 2365 1070 2424 M.
1087 2365 1124 2425 l).
1141 2367 1239 2428 LXV.

107 2469 133 2519 i.
151 2497 191 2506 -
222 2461 347 2530 Editor
372 2463 552 2528 seeundum
580 2464 751 2554 epistolam
773 2465 988 2555 praemissam
1011 2476 1062 2532 est
1084 2472 1239 2550 Adolpirus

109 2567 290 2634 treiectus.
335 2571 456 2634 Insunt

186 2678 218 2758 1)
248 2671 398 2760 Μόσχου
420 2673 603 2742 diuitiis:
632 2677 755 2742 Moseh.
783 2693 820 2740 11.
854 2676 921 2743 Ine.
952 2695 1029 2742 v111.
1056 2696 1078 2742 1.
1111 2677 1238 2743 Moseh.

111 2791 156 2842 m.
177 2795 222 2845 ιν.
257 2783 358 2850 Bion.
382 2803 416 2848 x.
452 2783 577 2849 Mosch.
598 2799 631 2846 v,

186 2887 219 2972 2)
247 2893 383 2965 Βίωνος
405 2893 607 2974 Σμυρναίου
629 2884 808 2954 reciditis:
840 2890 935 2956 Bion.
960 2908 982 2953 1.
1007 2906 1238 2955 x11.1x.vi11.

111 3005 154 3054 vi.
175 3003 206 3058 et
226 3012 290 3060 vu.
317 2997 391 3084 (pro
411 2997 503 3082 uno.)
526 3014 596 3079 xu,

112 3111 274 3183 praeterea
294 3102 468 3167 Phanoolis
492 3102 607 3189 elegia.
648 3101 702 3165 Ex
723 3101 863 3164 adverso
885 3101 993 3186 posita
1013 3110 1063 3163 est
1085 3101 1241 3186 interpre-

116 3205 187 3269 tatio
206 3207 328 3275 Latina
351 3207 394 3273 ad
417 3207 569 3291 verbum,
600 3207 768 3274 subiectae
790 3207 955 3271 variorum
978 3204 1146 3268 versiones
1167 3212 1242 3291 poii·

114 3307 204 3394 ticos,
229 3315 371 3400 singulis
394 3315 593 3380 carminibus
616 3313 846 3379 adnotationes
868 3308 1012 3373 additae.
1054 3309 1177 3399 Aecepi
1200 3334 1242 3376 ex

117 3409 187 3481 bibi.
209 3419 432 3507 Gottingensi.

189 3547 289 3624 Sept.
301 3544 341 3632 1.]
368 3550 477 3610 Poetae
505 3550 614 3623 praeci
645 3549 800 3622 principes
827 3545 942 3606 heroici
966 3546 1109 3606 carminis
1134 3558 1163 3608 ee
1189 3551 1244 3608 aiii

118 3655 246 3714 naseu.
281 3654 467 3730 Fropmenia
484 3658 620 3715 oliorum.
655 3651 830 3713 Excudebai
844 3651 937 3712 Henr.
953 3651 1130 3728 Stephanus.
1154 3660 1241 3713 1566.

117 3749 162 3820 [οἱ.
185 3793 223 3805 -
247 3754 368 3819 insum
388 3755 470 3820 haee
492 3753 655 3822 bueolioa:

191 3879 222 3963 t)
252 3881 440 3961 Θεοκρίτου
469 3877 531 3943 τοῦ
557 3878 775 3959 Συρακοσίου
799 3871 963 3942 elidiata
982 3873 1038 3940 καὶ
1063 3867 1242 3960 Ἐπιγράμ-

118 3999 209 4056 tera:
237 3981 549 4048 Theoor.1-xv111.
580 3983 833 4048 Ine.rV.11.111.
867 3981 1004 4047 Theoer.
1026 3997 1085 4044 xx.
1117 3981 1187 4046 ine.
1208 3999 1241 4046 v.

119 4081 244 4155 Theoor.
268 4103 342 4151 xtx.
374 4087 444 4153 Ine.
467 4105 514 4152 lx.
549 4088 686 4154 Theoer.
711 4104 784 4152 xxi.
818 4087 887 4152 Ine.
905 4104 965 4152 vll.
998 4085 1138 4150 Theoer.
1155 4103 1240 4151 xxti.

119 4203 211 4277 xxm,
237 4196 362 4258 1-25,
407 4195 467 4269 eo
490 4185 783 4274 νεκρόνἍᾶωοιυ.
819 4183 1077 4274 Ἐπιγράμματα.

190 4316 223 4400 2)
249 4309 395 4397 Μόσχου
418 4309 595 4381 eruistis:
617 4313 744 4380 Moseh.
767 4329 805 4377 11.
828 4329 852 4377 1.
882 4313 951 4377 Iuo.
975 4329 997 4377 1.
1020 4327 1095 4374 vin.
1118 4309 1242 4376 Mosoh.

118 4433 159 4486 lu.
180 4439 225 4488 tv.
264 4421 362 4504 Bion.
387 4437 422 4486 a.
456 4419 580 4486 Moesia
604 4437 637 4486 v·
