3008 5070
568 305 575 336 ,
606 313 609 319 s

462 391 614 440 nrrorn.
636 391 799 439 ιιι-ιιι
1147 372 1209 438 459

66 549 242 626 conjectura
257 547 377 620 είκαίως
390 567 497 626 parum
513 547 704 630 proficiatur,
726 569 794 608 cunr
810 548 968 608 Meinelsio
985 547 1127 608 lacunam
1148 553 1208 608 sta*

65 636 113 693 tui.
142 633 254 694 Verba
274 629 326 692 καὶ
344 629 614 715 προλέγει,·ριιοο“
606 655 637 692 ιιι
652 643 739 714 parte
756 633 894 694 codicum
909 631 1037 709 desunt,
1053 651 1093 692 cn
1105 627 1208 709 προδί-

65 739 120 796 χων
135 719 166 779 in
183 719 310 778 scholio
327 718 368 778 ad
379 739 425 778 vs
441 730 454 782 l
470 727 542 778 nata
555 726 635 778 sunt.

124 802 179 863 Id.
197 805 278 876 XV,
296 805 360 864 lin.
376 813 400 864 ι.
424 803 559 882 Vulgata
574 791 700 862 lectro
683 801 908 878 νπερεχονσῶν,
925 803 1211 883 quaprimarias

66 899 262 950 matronas
285 889 450 966 significari
466 897 553 966 putat
570 886 681 947 Valck.
698 887 738 946 ad
757 886 859 948 Adon.
875 908 906 966 p
925 898 988 961 191,
1005 907 1045 946 ex
1062 889 1210 968 interpre-

65 983 196 1032 tamento
213 973 260 1033 ad
254 983 448 1071 corruptam
462 973 625 1032 lectionem
637 962 860 1048 ονομαζομὲνων
871 980 945 1031 nata
958 933 1090 1033 videtur.
1110 973 1211 1032 Unice

65 1077 168 1116 verum
185 1047 266 1133 μετὰ
286 1057 346 1118 τῶν
368 1053 567 1134 νομιζομένων
585 1077 680 1134 ,,οιιιιι
701 1057 792 1118 rebus
814 1055 853 1116 ad
871 1077 992 1118 sacrum
1009 1058 1100 1170 ritum
1117 1057 1211 1138 perti·

66 1142 248 1204 uentibusf‘

123 1227 256 1287 -lin.
273 1239 300 1290 5.
332 1228 431 1288 Recte
456 1224 666 1286 Blomfieldius
692 1227 771 1286 Mus
798 1223 1049 1304 crit.11p.ass
1070 1223 1212 1304 θαμένων

65 1314 283 1392 potiusquam
303 1308 464 1388 θεωμένων
487 1311 641 1390 corrigere
662 1311 784 1372 videtur
802 1313 918 1372 Dorica
932 1312 1017 1372 vocis
1037 1313 1136 1372 forma
1150 1333 1212 1372 ser·

66 1407 154 1472 vata,
179 1417 280 1496 quum
299 1407 449 1478 appareat
467 1397 588 1456 titulum
609 1397 691 1456 mimi
707 1394 878 1474 Sophronei
894 1395 989 1457 fuisse
1014 1418 1074 1455 ται
1065 1391 1212 1474 θαμί-

68 1502 126 1538 ναι
149 1473 194 1540 ιδ
204 1473 237 1540 1
244 1486 377 1557 σθμια
409 1482 450 1541 Et
466 1477 637 1557 θαμένων
623 1501 688 1557 Janr
709 1479 926 1542 Boissonadius
950 1491 981 1542 et
999 1482 1212 1543 Wuesteman-

67 1587 122 1626 nus
139 1577 336 1646 receperunt.
393 1629 395 1632 .

127 1685 168 1696 -
184 1653 257 1712 lin.
274 1665 317 1716 11.
348 1649 497 1729 (iallrergr
510 1647 602 1710 lectio
611 1669 722 1730 ,quam
736 1649 920 1710 Duebnerus
934 1649 1090 1728 probavit
1106 1671 1160 1710 vrx
1174 1670 1213 1710 ox

69 1737 203 1816 antiquis
231 1737 319 1797 libris
344 1735 455 1810 hausta
481 1755 551 1794 essa
575 1694 698 1794 videtur
722 1755 824 1816 neque
846 1735 909 1793 loci
936 1735 1117 1796 offensiones
1139 1738 1214 1796 satis

69 1820 157 1880 tollit.
194 1822 391 1909 In”11squac
408 1840 462 1879 nos
484 1819 641 1880 codicibus
660 1819 788 1880 ducibus
806 1818 956 1880 edidimus
974 1841 1033 1894 ιιαρ
1037 1811 1128 1878 ’''lv
1119 1829 1213 1880 mter·

71 1917 155 1981 prete
167 1907 331 1985 Hesychia
349 1915 397 1965 est
410 1893 485 1962 κατα
498 1893 531 1962 τὸ
547 1900 623 1978 ἑξῆς.
646 1903 769 1965 Deinde
785 1904 925 2002 intelli-ge
940 1905 1178 1964 Theocritum'
1154 1925 1214 1965 sin-

72 1989 142 2064 gula
163 1991 205 2049 ad
230 1990 441 2071 spectaculum
458 1987 651 2048 Adonideum
673 1989 889 2069 pertinentia
881 2010 912 2048 m
928 1991 1054 2068 reginae
1068 1989 1214 2048 honorem

74 2072 292 2155 descripsisse,
314 2095 408 2154 quum
428 2073 494 2151 ipsc
516 2070 730 2133 Alexandriae
752 2093 898 2152 praesens
926 2076 1007 2133 inter
1025 2083 1215 2152 spectatores

73 2157 189 2221 fuisset.
227 2161 266 2220 In
282 2158 431 2236 Calliergi
447 2158 581 2218 lectione
597 2157 723 2218 difficile
738 2167 805 2218 erat
820 2156 859 2216 ad
875 2157 1124 2236 intelligendum,
1141 2157 1216 2238 quid

75 2245 197 2321 reginae
215 2245 423 2316 interfuisset,
434 2242 578 2302 mulieres
591 2242 659 2302 illas
675 2241 886 2302 Alexandriae
898 2251 1057 2304 versantes
1074 2243 1215 2304 describi.

133 2329 180 2388 Id
198 2329 295 2401 XVI,
312 2330 377 2389 lin.
393 2336 420 2388 2.
440 2327 490 2386 ln
492 2327 600 2386 cllexrt
615 2327 743 2387 Geelrus
762 2328 821 2386 hoc
837 2326 1101 2388 additamentam
1092 2349 1123 2388 ιιι
1138 2349 1217 2387 mar-

77 2413 143 2489 gine
165 2414 356 2493 adscriptum
381 2412 478 2472 fuisse
500 2411 539 2470 ad
557 2412 716 2499 superiora
737 2401 790 2470 τὸν
810 2408 931 2488 ἔσχατον
949 2411 1089 2484 Σικελίας
1108 2403 1215 2490 τύραν-

78 2516 142 2572 νον,
162 2507 197 2560 ut
213 2520 320 2560 eorum
334 2518 417 2558 error
435 2497 645 2574 castigaretur.

136 2616 178 2626 -
200 2587 268 2646 lin.
292 2593 309 2646 4
332 2602 436 2662 seqq.
468 2582 684 2642 Narrationem
701 2580 739 2640 de
757 2579 922 2642 Simonidis
941 2581 1023 2642 cistis
1040 2582 1151 2661 partim
1169 2602 1218 2640 co·

81 2663 174 2728 dicum
190 2670 305 2750 partim
322 2669 438 2746 ingenii
461 2685 519 2746 ope
535 2667 566 2726 in
582 2667 735 2727 saniorem
751 2667 933 2726 sententiam
948 2667 1089 2744 redigere
1106 2666 1218 2726 studui.

80 2747 291 2814 Conferendns
311 2755 444 2812 maxime
467 2749 618 2812 Stobaeus
640 2751 722 2811 Flor.
727 2751 792 2846 X,
816 2761 850 2815 39
872 2750 1059 2827 Σιμωνίδης,
1083 2771 1219 2851 παρακα-

81 2832 200 2911 λοῦπός
216 2857 299 2909 τινος
319 2826 466 2934 ἕχκιδμιον
485 2835 605 2934 ποιῆσαι
627 2833 677 2894 καί
697 2825 785 2914 χοίριν
807 2831 884 2908 ἕξειν
891 2826 1092 2935 λέγοντος,’
1074 2857 1219 2916 αργνριον

81 2913 161 2977 δε
122 2943 162 2997 μη
180 2917 333 2996 διδόντος,
353 2915 422 2981 δνο
441 2903 580 2980 είιιεν
543 2918 664 2990 owart
662 2918 718 2996 ’χω
735 2911 991 2998 seduceris,
952 2943 1021 2998 ιην
1035 2917 1101 2998 μὲν
1116 2923 1219 3000 χαρί-
1288 2979 1294 2988 ,

81 3024 193 3145 blm·
193 2999 261 3086 τὴν
284 3003 322 3067 δὲ
349 2995 532 3085 ἆρχορίον
557 3006 633 3078 κτλ,
659 3013 723 3065 tnrn
742 3007 853 3068 Tacta.
881 3005 960 3066 Obil
986 3007 1079 3078 VHI,
1104 3016 1157 3071 228
1181 3007 1220 3067 dc

105 3110 194 3154 ιιιιοιιι

186 3093 254 3156 'dte
282 3164 391 3274 δρία
356 3196 412 3252 γαρ
430 3165 646 3248 τεκτηνάμενος
661 3163 785 3269 sadduc
804 3168 916 3245 ἐκεῖνος

284 3249 318 3320 τὸ
331 3255 385 3337 μδν
403 3252 502 3318 ἕκαλει
518 3254 658 3354 δωρεῶν,
672 3243 749 3313 ταδ’
767 3252 866 3330 ἕτερον
881 3257 1010 3334 χαρίτων

282 3334 302 3402 δι
319 3345 395 3423 γοῦν
409 3335 532 3440 γράφων
547 3333 755 3438 ἐλάμβανεν,
744 3335 837 3398 ἐτίθει
851 3339 998 3422 κιβωτίῳ,

283 3421 300 3488 ὸ
296 3425 436 3528 δωρεῶν
451 3419 581 3486 ἐκάλεσε·
598 3417 703 3483 losada
719 3443 774 3482 ουν
788 3420 957 3520 ἐμισιοῦτο·

282 3504 317 3574 cd
331 3533 391 3572 των
406 3514 533 3610 χαρίτων
548 3507 579 3570 δὲ
594 3498 681 3568 κενδν
696 3498 866 3584 ccdciccov‘
850 3508 993 3606 οτιῆρχεν.

283 3586 327 3656 αν
338 3579 394 3658 οὖν
407 3585 498 3656 αὐτον
509 3618 554 3667 τις
569 3582 677 3672 ἆμισθί
692 3585 808 3672 γράψαι
822 3587 894 3651 ποτὲ
908 3585 1006 3666 ἠξίου,

285 3680 381 3784 ἔλεγε·
406 3675 460 3742 δύο
475 3679 667 3759 κιβωιοίί
611 3677 667 3739 είσί
678 3699 729 3778 μοι
743 3699 779 3758 τῃ
766 3675 884 3758 οίιιίᾳ.

283 3787 305 3869 ιχ
291 3759 375 3864 ’μὲν
389 3769 521 3826 καλεῖται
535 3754 702 3862 despeciui]
717 3759 750 3822 δέ
763 3783 796 3841 χε
810 3760 871 3821 τῶν
885 3759 1019 3860 χαρίτων.

285 3875 324 3913 αν
338 3873 393 3912 ουν
407 3840 515 3924 ἆνοίξω
525 3839 656 3928 κιβωτὸν
670 3849 731 3908 cciv
742 3845 878 3923 δωρεῶν,
894 3835 1021 3924 εὑρίσκω

286 3935 319 3998 ἒν
335 3927 421 4008 olc'⁸
399 3959 440 3995 αν
456 3929 646 4036 ἐξωνήσωμαι
661 3924 796 4088 σδμχιανξ
794 3928 858 4008 ἐμοί
869 3931 1021 4030 χρειῶδες.

287 4041 381 4097 ιιενην
392 4016 421 4080 δ
434 4011 563 4095 sipiano
575 4006 729 4118 κιβωιδν’
714 4016 782 4078 ανοί
782 4017 832 4088 ξας
842 4037 898 4112 την
908 4015 1088 4112 χαρίτων,

287 4107 341 4166 καί
351 4129 381 4166 τι
395 4105 533 4187 χρειῶδες
546 4092 622 4177 ἐξ’
587 4125 679 4202 ανιιχς
696 4094 839 4164 ὠνεῖσθαι
853 4089 910 4158 oric
921 4092 1021 4176 ἰσχύω.

89 4185 143 4250 Ριο
160 4192 284 4271 vulgari
299 4193 431 4252 lectione
448 4190 580 4252 absurda
598 4181 751 4262 διδόντων,
767 4187 854 4263 cujus
868 4186 935 4245 loco
951 4205 989 4244 ex
1003 4186 1045 4242 M.
1061 4191 1092 4242 et
1107 4183 1226 4241 'l'cetze

90 4269 203 4353 δωρεῶν
225 4278 413 4355 recepimus,
429 4275 686 4356 Wyttenbacbrus
702 4271 742 4334 ad
755 4273 838 4332 Plut
857 4271 889 4330 S.
907 4267 947 4326 N.
964 4269 1001 4328 V.
1018 4289 1048 4347 p.
1041 4277 1099 4330 .58
1118 4260 1225 4324 δοθέν·
1249 4296 1253 4306 -

91 4377 142 4418 rav
162 4363 259 4424 scribi
280 4363 387 4438 jessit,
407 4360 605 4439 probantibus
623 4357 790 4422 Duebnero
812 4365 843 4415 et
865 4352 1039 4424 Meinekio,
1062 4345 1227 4428 δεδομένων

92 4443 225 4508 Geclins.
261 4448 339 4506 Eam
362 4448 467 4506 cistam
489 4444 672 4505 Plutarchus
702 4445 734 4505 S.
758 4441 796 4502 N.
820 4441 857 4499 V.
873 4459 903 4517 p
926 4447 987 4500 555.
1011 4397 1047 4498 F’.
1072 4457 1139 4496 cum
1155 4433 1226 4493 Sto-

91 4525 162 4594 baeo
178 4521 326 4610 δρχνρίιυ
340 4519 467 4608 κιβωιδν
483 4529 572 4604 dicit,
587 4528 669 4590 idem
695 4527 741 4588 dc
761 4525 910 4588 Ourios.
926 4542 954 4602 p
948 4531 1030 4586 {020
1046 4521 1086 4583 Α.
1101 4520 1162 4582 τῶν
1177 4539 1227 4594 μι-
