2968 5060
26 3350 28 3427 l

605 373 812 422 PRAEFATIO.
1206 375 1274 424 XIII

133 533 187 588 tur
218 545 317 611 quarn
355 523 401 589 ad
436 523 648 590 Dorvillinma
699 526 920 591 Nihilominus
950 525 1046 590 huius
1082 525 1273 593 collationes

132 629 218 716 ipsae
250 629 428 720 aliquanto
449 634 577 698 minore
608 632 705 698 laude
733 633 856 720 dignae
877 633 980 698 fuisse
999 633 1153 699 videntur
1175 654 1274 720 quam

130 734 473 823 Sanctamandianae3
502 762 602 827 aegre
630 743 715 805 enim
742 740 814 807 sola
844 739 979 808 editoris
1010 739 1105 827 culpa
1133 740 1176 805 ad
1203 749 1273 805 tan-

127 853 191 909 tam
211 848 394 934 penuriam
417 845 526 932 redigi
548 857 707 936 poterant.

205 948 371 1016 Ceterum
394 953 631 1042 descriptIones
653 953 802 1019 codIcum
830 953 921 1041 apud
943 953 1170 1020 Gaisfordium
1187 953 1272 1020 Dor·

125 1053 213 1120 villio
235 1057 426 1143 debentur,
454 1061 548 1124 cuius
569 1059 672 1126 verba
693 1059 750 1125 ille
769 1061 817 1125 ita
836 1060 1027 1150 exscripsit,
1051 1071 1088 1127 ut
1111 1083 1143 1128 v.
1166 1084 1197 1146 g.
1221 1083 1272 1128 co·

125 1161 228 1226 dicem
251 1163 502 1231 Taurinensem
525 1174 745 1234 trecentorum
770 1190 929 1234 annorum
956 1169 1079 1236 dixerit
1100 1192 1166 1236 non
1188 1169 1271 1234 indi-

123 1279 192 1333 cato
214 1271 264 1334 ita
288 1271 496 1340 Dorvillium
516 1273 607 1362 loqui
631 1273 740 1341 seculo
763 1275 833 1342 fere
855 1277 1086 1365 antiquiorem.

377 1537 414 1630 ξ.
440 1536 473 1608 3.
525 1535 581 1608 De
667 1536 719 1556 '⁸’
747 1537 1022 1613 collationibus

205 1697 348 1766 Tertius
363 1701 539 1768 multorum
558 1702 707 1768 codicum
720 1703 878 1770 lectiones
898 1705 1049 1790 vulgavit
1060 1707 1089 1767 l.
1101 1707 1141 1766 B.
1157 1707 1271 1768 Gutture

124 1797 156 1862 iu
174 1801 327 1873 editione
341 1807 508 1875 Theocriti
527 1833 557 1874 a.
582 1811 663 1874 1828
687 1809 817 1891 emissa,
840 1831 924 1896 quae
948 1810 995 1873 ita
1016 1807 1154 1891 delituit,
1178 1809 1271 1874 utin

125 1904 309 1978 Germania
326 1914 451 1981 nullius
473 1918 508 1980 in
526 1937 643 1980 manus
664 1917 858 2003 pervenisse
876 1915 1029 1981 videatur
1043 1924 1270 2004 praeterquam

125 2015 266 2084 Ameisii
296 2030 332 2088 et
359 2045 464 2111 nuper
494 2043 595 2088 meas.
641 2020 789 2088 Oontulit
815 2033 924 2090 autem
950 2023 1079 2088 Gailius
1107 2044 1269 2110 quaecuu-

126 2145 186 2208 que
217 2128 251 2192 in
288 2130 460 2197 codicibus
489 2130 651 2196 Parisinis
679 2128 875 2196 Theocritea
909 2129 1063 2215 leguntur
1096 2131 1150 2217 (ea
1183 2129 1267 2212 dico,

125 2254 208 2318 quae
227 2236 333 2323 vulgo
356 2239 391 2302 in
412 2237 612 2305 editionibus
629 2235 802 2302 Theocrito
825 2236 991 2323 adscripta
1010 2239 1117 2324 sunt),
1140 2245 1172 2302 et
1192 2259 1267 2304 con-

126 2339 201 2404 tulit
221 2343 395 2433 aliquanto
411 2345 529 2410 melius
545 2367 644 2434 quarn
665 2368 723 2432 pro
745 2344 834 2409 fama
853 2343 934 2427 viri,
957 2342 1082 2408 scilicet
1102 2344 1266 2409 iuniorum

126 2451 352 2536 quorundam,
372 2459 410 2516 ut
431 2451 630 2518 Duebnerus
651 2453 732 2518 mihi
754 2451 903 2538 scripsit,
926 2472 1025 2538 opera
1046 2473 1142 2534 usus,
1163 2453 1266 2518 multo

128 2559 238 2623 tamen
261 2559 372 2624 minus
399 2569 551 2624 accurate
577 2560 683 2647 prima
707 2557 823 2646 idyllia
845 2579 944 2645 quam
963 2555 1091 2645 reliqua
1113 2568 1146 2623 et
1164 2560 1265 2647 potis-

129 2660 247 2728 simum
275 2664 402 2730 ultima.
447 2665 589 2751 Optimis
617 2664 788 2731 Duebneri
812 2663 1040 2728 collationibus
1068 2667 1264 2752 comparatis

128 2765 338 2858 intelligitur,
364 2793 440 2836 eum
462 2772 568 2836 rarius
586 2771 671 2837 falsa
689 2769 863 2837 referendo
881 2791 1038 2858 peccasse
1055 2793 1153 2857 quam
1173 2773 1265 2835 omit-

129 2874 238 2940 tendo.
282 2877 504 2944 Dorvillianis
525 2878 748 2944 Parisinorum
776 2873 1022 2958 collationibus,
1053 2875 1166 2964 quales
1195 2877 1265 2962 qui·

129 2975 202 3044 dem
231 2983 318 3072 opud
349 2983 576 3052 Gaisfordium
607 2992 772 3074 prostant,
802 2981 976 3049 Gailianae
1006 2983 1144 3048 multum
1172 3005 1264 3070 prae·

129 3081 295 3156 ferendae.
1248 3105 1251 3111 “

215 3198 350 3261 Variam
371 3195 542 3262 lectionem
564 3197 788 3260 Parisinorum
810 3217 830 3258 a
856 3193 1046 3260 Gaisfordio
1070 3215 1087 3256 e
1109 3192 1265 3259 Dorvillii

130 3303 164 3360 et
194 3299 425 3368 Sanctamandi
451 3306 553 3392 copiis
586 3302 741 3368 traditam
769 3297 899 3364 Gailius
928 3298 997 3363 fere
1024 3301 1185 3384 integram
1211 3321 1265 3363 ex-

28 3435 29 3439 =
131 3405 274 3492 scripsit,
300 3409 369 3474 suis
391 3409 485 3496 siglis
506 3433 601 3492 usus,
624 3406 691 3472 nisi
713 3404 802 3493 quod
816 3403 998 3470 Colbertini
1019 3427 1067 3471 ur.
1084 3407 1177 3472 2721.
1200 3406 1262 3474 col-

130 3505 280 3580 lationem
302 3515 545 3583 Dorvillianam
574 3513 658 3600 siglo
682 3517 773 3594 coto,
802 3533 894 3577 suam
923 3511 1006 3600 siglo
1028 3517 1067 3578 B.
1094 3515 1262 3581 instruxit.

130 3610 191 3682 llis
217 3620 336 3686 alienis
368 3623 473 3710 copiis
502 3621 677 3689 subtractis
701 3619 831 3686 Gallius
860 3619 988 3685 codices
1017 3641 1091 3685 cum
1119 3619 1262 3688 editione

130 3717 394 3792 Valckenariana
413 3728 591 3793 contulisse
614 3724 885 3815 deprehenditur,
910 3745 1048 3812 quacum
1075 3725 1262 3814 discrepan-

129 3831 175 3894 tes
203 3831 364 3899 lectiones
392 3833 559 3898 rarissime
585 3834 704 3900 attulit.
749 3829 859 3912 Quare
887 3831 1067 3918 siquando
1090 3831 1263 3919 dealiqua

26 3998 29 4019 ,
129 3929 302 4003 lectiones
324 3937 429 4004 Gailii
452 3938 584 4006 silentio
606 3941 826 4006 coniectuuam
853 3933 963 4002 iacere
985 3935 1182 4020 audeamus,
1206 3959 1261 4022 po-

27 4106 29 4170 l

129 4038 190 4108 tius
212 4064 252 4107 ea
275 4044 311 4108 in
334 4043 447 4110 codice
470 4055 600 4112 exstare
625 4046 808 4126 videbitur,
831 4061 929 4128 quam
950 4039 1191 4108 Valckenarius
1212 4065 1261 4106 re·

26 4173 28 4187 =
129 4157 272 4236 ceperat,
298 4171 398 4236 quam
420 4172 504 4238 quae
524 4151 566 4216 ab
588 4151 659 4237 ipso
682 4151 791 4216 Gailio
814 4147 902 4213 edita
922 4155 980 4212 aut
1000 4146 1137 4242 vulgata
1158 4146 1200 4209 ab
1222 4167 1260 4210 ec

130 4253 291 4339 appellata
312 4263 372 4320 est.

212 4359 371 4424 Codicum
392 4362 476 4448 sigla
499 4381 560 4427 sua
581 4359 710 4425 Gailius
731 4363 766 4425 in
788 4359 922 4424 Atlante
944 4359 1178 4440 interpretatus
1200 4360 1260 4434 est,

132 4465 184 4551 qui
210 4465 347 4532 editioni
375 4465 506 4532 additus
537 4483 610 4529 cum
638 4465 712 4530 aliis
741 4464 784 4529 ud
811 4465 910 4528 crisin
931 4481 997 4526 non
1020 4455 1261 4542 pertinentibus
