2968 5060
215 429 253 476 VI
676 415 883 464 PRAEFATIO.

219 600 404 667 quanquam
421 574 550 639 Paliani
570 592 689 636 nomen
712 573 747 634 in
766 568 903 655 reliquis
923 567 994 632 eius
1017 565 1140 630 codicis
1163 565 1353 650 descriptio

219 686 317 752 nibus
339 706 405 749 non
426 685 705 746 commemoratur.
751 673 817 740 Sed
851 673 966 738 eodem
989 670 1155 738 volumine
1184 673 1353 737 continen-

219 801 274 857 tur
294 789 486 856 collationes
504 783 653 850 codicum
671 806 705 865 p.
722 793 754 848 et
776 795 808 867 1.,
830 781 952 849 codicis
967 801 1046 845 vero
1061 801 1088 842 r.
1105 779 1193 866 apud
1211 777 1355 844 Conium

221 899 286 963 alia
307 896 397 962 nulla
417 893 548 958 mentio.

304 1003 339 1086 2)
360 999 650 1066 Benedictinorum
680 1017 705 1058 0.
732 1017 784 1077 na,
818 1015 900 1081 quos
932 994 966 1056 in
994 989 1228 1056 Sanctamandi
1257 1013 1355 1056 usum

219 1111 384 1176 Antonias
408 1106 577 1170 Marianus
603 1098 770 1166 Salvinius
796 1098 1007 1164 Florentinus
1029 1119 1103 1162 cum
1127 1096 1251 1162 Aldina
1281 1097 1356 1184 (sed

219 1217 357 1280 Theocr.
382 1228 467 1276 xvu.
486 1208 689 1276 ctlne.1x.*
709 1227 782 1272 cnm
806 1203 1041 1291 Calliergiana)
1061 1212 1110 1287 et,
1126 1213 1288 1290 quatenus
1302 1225 1355 1267 co-

220 1322 286 1386 dex
309 1341 336 1383 o.
357 1316 568 1404 suppetebat,
588 1317 675 1380 intcr
693 1334 729 1376 se
749 1311 897 1377 contulit.

306 1426 340 1511 3)
372 1422 505 1509 Sylloge
532 1418 735 1508 quarundam
761 1417 937 1482 lectionum
965 1440 983 1482 e
1012 1419 1156 1505 quinque
1175 1413 1242 1478 illis
1265 1413 1356 1478 libris

221 1528 463 1600 Sanctamando
486 1527 527 1591 de
554 1525 694 1611 singulis
725 1525 807 1590 loeis
831 1524 1002 1610 quaerenti
1030 1545 1051 1586 a
1073 1521 1219 1588 Salvinio
1245 1541 1355 1585 excer-

221 1651 362 1729 ptarum.
407 1635 438 1700 Α
455 1632 560 1699 Ooxio
577 1631 664 1722 haec
681 1631 808 1719 sylloge
825 1652 890 1695 non
908 1637 1194 1712 commemoratum
1215 1629 1355 1693 sortasse

220 1755 271 1810 est
292 1745 378 1808 inter
400 1738 540 1806 Salvinii
559 1748 715 1825 excerpta
735 1739 770 1803 in
791 1737 1002 1802 Theocritum
1021 1733 1096 1799 Vol.
1123 1742 1171 1800 17.
1195 1759 1245 1799 nr.
1270 1739 1301 1799 5.

304 1849 338 1932 4)
366 1847 602 1912 Vaticanorum
634 1855 703 1906 1-
717 1857 761 1908 13.
790 1842 999 1924 collationes,
1034 1863 1117 1928 quas
1150 1840 1353 1906 Wordswor-

218 1959 288 2024 thio
317 1965 401 2022 teste
429 1947 690 2016 Sanctamandus
726 1971 756 2012 a.
789 1951 871 2013 1709
906 1949 1060 2014 editionis
1086 1947 1287 2014 Oxoniensis
1323 1971 1352 2012 a.

221 2067 302 2128 1699
330 2057 511 2144 exemplari
536 2056 670 2144 propria
694 2077 794 2120 manu
824 2053 1009 2142 adscripsit.
1056 2053 1155 2136 Quod
1187 2055 1354 2144 exemplar

220 2191 320 2258 quum
349 2166 437 2230 idem
461 2163 584 2228 reserat
608 2163 643 2226 in
671 2171 738 2226 tres
765 2170 869 2226 tomos
895 2160 1009 2224 charta
1033 2183 1116 2248 pura
1136 2162 1353 2228 interfoliatos

221 2274 433 2341 distributum
461 2290 550 2352 esse,
585 2269 718 2332 minime
747 2267 914 2340 diversum
949 2287 1022 2330 esse
1048 2266 1179 2332 videtur
1210 2269 1354 2334 eiusdem

219 2380 373 2446 editionis
403 2373 571 2461 exemplar
597 2375 684 2437 inter
717 2371 1017 2438 Sanctamandiana
1042 2370 1115 2437 Vol.
1146 2376 1312 2457 57—59.,
1336 2397 1355 2439 a

220 2483 325 2550 Coxio
346 2481 397 2547 his
420 2481 531 2549 verbis
553 2480 752 2566 descriptum
772 2481 880 2563 „notis
901 2476 995 2541 MSS.
1020 2477 1053 2541 S.
1076 2477 1220 2545 Amandi
1242 2503 1354 2570 perpe-

218 2593 285 2654 tuis
309 2589 470 2662 instructa
491 2597 524 2653 et
548 2585 647 2651 hodie
675 2586 710 2649 in
731 2595 837 2652 tomos
864 2595 931 2650 tres
952 2583 1147 2669 distincta,“
1169 2607 1354 2672 quanquam

219 2697 393 2761 Variarum
415 2694 608 2759 Lectionum
630 2689 868 2776 adscriptamm
895 2689 987 2754 nulla
1017 2692 1138 2756 mentio
1166 2691 1213 2757 fit.
1260 2692 1354 2758 Codi-

219 2826 274 2868 ces
297 2825 376 2869 vero
396 2801 549 2866 Vaticani
571 2799 659 2886 apud
692 2799 831 2861 Ooxium
855 2795 941 2860 inter
962 2795 1258 2863 Sanctamandiana
1279 2799 1354 2863 duo·
1468 2783 1469 2832 3

218 2909 281 2974 bns
304 2907 379 2973 aliis
402 2907 482 2973 locis
501 2906 727 2971 nominantur:

261 3012 335 3080 Vol.
359 3014 410 3077 20.
433 3035 482 3078 nr.
504 3017 533 3076 5.
563 3008 718 3097 Syllabas
740 3005 889 3073 codicum
910 3007 1004 3072 MSS.
1027 3007 1258 3074 Vaticanorum
1282 3032 1354 3076 cnm

347 3116 595 3186 collectionibus
619 3115 696 3201 (sie)
719 3136 763 3178 ex
782 3113 906 3178 eisdem
924 3112 1081 3179 collectis.
1101 3113 1157 3180 fel.
1177 3120 1353 3182 109-236.

260 3219 335 3287 Vol.
365 3223 415 3286 21.
462 3221 679 3302 Collatinum,
715 3221 887 3286 Lectiones
915 3231 978 3286 etc.
1014 3243 1056 3285 ex
1092 3222 1261 3289 codicibus
1299 3247 1354 3291 va-

346 3329 423 3410 riis3
443 3327 514 3393 scil.

350 3432 382 3517 1)
406 3431 435 3495 Ε
457 3434 554 3500 codd.
575 3434 756 3500 Vaticanis.
781 3433 838 3499 fol.
866 3435 1012 3498 1-233,

218 3538 328 3620 Quum
354 3559 432 3602 vero
461 3561 503 3603 cx
527 3539 680 3604 Wartoni
703 3538 862 3624 Catalogo
886 3539 1052 3625 copiarum
1086 3537 1353 3604 Sanctamandia

216 3665 333 3709 narum
358 3651 531 3729 appareat,
561 3641 715 3709 Vaticani
740 3652 918 3731 apparatus
939 3654 1005 3709 tres
1038 3655 1147 3732 partes
1170 3667 1261 3729 esse,
1291 3645 1353 3710 Va-

216 3751 285 3814 rias
306 3748 494 3830 Lectiones,
524 3746 672 3832 Scholia,
695 3748 850 3832 Glossas,
880 3751 939 3814 vix
968 3750 1082 3816 dubito
1105 3751 1186 3837 quin
1205 3749 1279 3815 Vol.
1302 3751 1352 3814 20.

216 3878 266 3921 nr.
296 3857 326 3917 5.
357 3851 489 3918 Scholia
515 3855 680 3920 contineat
711 3854 941 3940 (collectr'ombas
973 3880 1026 3945 ap.
1058 3857 1140 3924 Oox.
1170 3878 1279 3921 errore
1304 3877 1354 3919 ca-

216 3960 294 4025 lami
312 3981 372 4046 pro
394 3963 514 4024 0011010·ιο
535 3961 689 4046 scriptum
713 3961 874 4046 videtur),
902 3964 1095 4051 pracsertim
1117 3983 1218 4051 quum
1244 3962 1278 4025 in
1302 3983 1353 4025 eo-

216 4069 291 4134 dem
320 4063 485 4132 velumine
510 4065 706 4133 antecedant
735 4067 866 4133 Scholia
900 4092 918 4134 e
947 4069 1018 4135 cod.
1046 4069 1147 4133 Laur.
1177 4067 1354 4152 descripta,

214 4171 287 4238 Vol.
309 4174 359 4236 21.
382 4194 433 4237 nr.
458 4177 484 4233 1.
511 4169 663 4250 (1100000,
684 4175 773 4264 qnod
796 4175 949 4240 volumen
972 4177 1072 4240 ctiam
1101 4175 1237 4240 Glossas
1266 4173 1352 4237 Lau·

216 4278 384 4343 rentianas
410 4276 664 4364 comprehendit.
717 4279 914 4367 Quanquam
943 4282 1076 4346 minime
1112 4278 1271 4345 credibile
1294 4286 1352 4359 est,
1429 4361 1431 4366 Ι

216 4382 352 4448 Glossas
376 4381 463 4448 solas
484 4385 626 4470 spatium
649 4388 709 4450 233
732 4385 884 4450 foliorum
906 4385 1056 4472 explere3
1079 4408 1181 4472 quare
1205 4386 1352 4472 suspicor

216 4489 404 4556 collationes
431 4491 608 4556 Vaticanus
637 4513 657 4554 a
680 4492 921 4558 Sanctamando
952 4492 1003 4558 bis
1033 4494 1173 4580 scriptas
1204 4513 1294 4573 esse,
1321 4499 1354 4554 et
