3020 5080
209 383 271 448 510
676 391 894 444 snuousrro.

136 587 142 596 -
210 549 301 628 θόαν,
327 550 522 630 Παλαίμονα,
540 539 731 629 Ἀφροδίτην.
765 550 871 614 Verba
891 569 910 612 a
927 550 1016 614 nobis
1039 551 1146 614 addita
1164 551 1369 628 exciderunt,

211 660 303 722 quum
327 637 491 716 Νηρηΐδων
516 637 683 700 secuudum
701 659 746 700 νε.
769 649 804 704 59
831 637 871 697 ad
892 638 976 698 θεῶν
998 637 1186 720 adscriptum
1208 642 1241 700 in
1258 642 1369 740 ipsum

211 725 360 787 scholium
375 726 534 806 irreperet.
557 725 721 803 Leguntur
733 733 834 784 autem
852 720 927 802 λέγει
943 720 977 784 di
991 729 1086 784 Λενα.
1105 727 1185 784 llal.
1204 721 1256 782 sal
1273 728 1367 801 Λφρ.

212 811 303 872 etiam
328 808 369 870 ad
393 830 438 870 vs.
463 819 499 874 59
523 810 555 868 in
583 829 652 870 eum
680 809 817 884 modum,
836 819 870 870 ut
889 829 950 870 non
976 810 1074 870 solum
1095 809 1281 870 Leucothea
1306 809 1370 870 sed

212 895 305 956 etiam
325 893 473 954 Palaemo
496 903 528 954 et
547 891 719 973 aphrodite
739 897 818 955 inter
836 893 988 954 Nereides
1005 896 1160 956 numerari
1181 894 1369 956 videantur.

212 979 263 1040 Ad
279 999 348 1040 eum
362 999 483 1040 versum
498 989 564 1038 tots
577 979 733 1040 adnotatio
755 981 856 1059 aptius
871 981 1015 1058 apposita
1030 980 1122 1040 foret.

274 1095 318 1108 ·-
332 1065 399 1125 lin.
414 1073 441 1128 8.
470 1064 644 1142 Antigonus
662 1063 821 1146 Carystius
837 1085 863 1124 c.
883 1073 916 1127 27
938 1066 1040 1142 potius
1055 1063 1130 1126 dicit
1151 1064 1243 1136 „cciv
1259 1061 1294 1125 δὲ
1311 1055 1369 1125 ril-

122 1177 128 1190 ·
213 1143 332 1212 solvas
346 1147 379 1209 οἱ
389 1141 510 1224 decreta
524 1143 652 1225 κήραλσι
662 1149 823 1208 καλοῦνται
831 1153 862 1221 “,
879 1151 919 1209 cf.
935 1149 1073 1231 Hesyeb.
1090 1170 1113 1210 ε.
1130 1169 1161 1210 ν.
1177 1149 1320 1227 alcuius·
1336 1161 1372 1210 et

213 1235 371 1299 Schdrist
387 1235 448 1296 Aa.
463 1245 525 1311 300,
538 1235 590 1316 qui
603 1243 688 1296 recte
702 1253 742 1296 ex
757 1234 912 1312 Antigono
927 1234 1075 1296 referunt.
1103 1235 1200 1295 Error
1214 1233 1291 1296 iude
1308 1255 1369 1296 na-

213 1331 278 1396 tus,
300 1317 384 1400 quod
396 1320 576 1398 Antigonus
598 1318 746 1400 deinceps
768 1319 869 1392 addit,
893 1317 1050 1380 alcedines
1071 1339 1172 1380 mares
1197 1329 1370 1380 senectuto

213 1404 332 1468 debiles
354 1404 509 1466 staminia
523 1405 648 1488 portari.
681 1403 829 1466 Similiter
847 1403 999 1478 judicavit
1018 1403 1169 1468 Stiehliue
1189 1407 1222 1464 in
1245 1405 1368 1466 Philol.

212 1492 245 1552 X
260 1513 291 1572 p.
310 1497 376 1554 111.

274 1605 319 1622 ·-
332 1574 398 1640 lin.
412 1583 457 1637 24.
493 1573 671 1656 Spbalmate
693 1573 813 1635 sublato
831 1575 959 1634 restitue
981 1564 1160 1650 θαλάσσιαι,
1181 1594 1370 1657 quanquam

212 1653 389 1734 θαλάσσιοι,
405 1657 484 1740 quod
502 1667 550 1720 est
563 1661 595 1720 iu
611 1656 724 1734 acub,
743 1661 875 1720 fortasse
890 1661 1004 1720 verius.

274 1745 335 1806 Vs.
350 1754 400 1820 58,
415 1745 486 1806 lin.
507 1755 533 1810 3
568 1743 788 1821 ,Κικιννοειόῆ
803 1743 969 1824 legendum
985 1741 1107 1804 videtur
1126 1743 1221 1824 (conl.
1238 1766 1308 1806 var.
1331 1746 1368 1806 in

174 1824 183 1836 “
213 1830 311 1890 schol.
332 1829 489 1910 Aristoph.
512 1829 607 1908 Vesp.
631 1828 727 1907 1068):
755 1849 825 1889 narn
848 1817 881 1889 τό
896 1827 1035 1906 τριχῶόες
1051 1829 1149 1906 φῦκος
1168 1831 1200 1890 in
1215 1831 1367 1892 litoribus

213 1915 364 1976 Graeciae
378 1913 532 1996 hodieque
547 1924 648 1976 exstat
664 1924 742 1975 teate
760 1915 866 1976 Fraus.
886 1913 1016 1994 Synops
1036 1935 1066 1994 p.
1085 1917 1167 1980 319“.
1204 1916 1366 1978 Duebn.

275 2001 336 2061 Vs.
350 2009 400 2073 59,
416 2000 480 2061 lin.
500 2012 541 2064 15.
575 1999 620 2059 cf.
637 2019 728 2080 supra
742 1997 782 2058 ad
799 2019 842 2059 va.
859 2008 910 2072 57,
925 1999 981 2061 lin.
996 2007 1022 2063 6.

245 2103 254 2116 “
275 2087 335 2147 Vs.
351 2093 394 2148 60.
433 2083 639 2145 Callimachus
661 2085 754 2163 igitur
770 2093 855 2144 recte
870 2083 962 2151 vidit.
986 2084 1114 2144 formam
1130 2085 1160 2143 iu
1178 2087 1286 2144 -θεν
1309 2086 1367 2146 bic

212 2170 312 2250 petius
326 2189 380 2250 pro
400 2170 516 2230 Dorica
530 2168 704 2230 habendam
724 2188 808 2242 esse,
829 2169 878 2229 cui
900 2167 1033 2230 dialecto
1051 2169 1083 2228 iu
1099 2169 1261 2230 codicibus
1278 2179 1306 2232 t.
1323 2172 1365 2232 L.

212 2249 315 2315 Genr·
338 2253 495 2332 tribuitur3
514 2275 584 2314 nam
601 2264 747 2315 accentus
763 2247 910 2329 ἕφιλόθεν
921 2255 1054 2314 Doricus
1070 2262 1134 2326 est,
1153 2253 1194 2314 cf.
1210 2253 1311 2316 Diali.
1328 2256 1366 2316 11

212 2360 243 2420 p·
259 2347 302 2403 10.
334 2338 478 2400 Attamen
509 2348 601 2400 antea
624 2327 769 2398 Aiotradv
797 2341 901 2398 verius
929 2338 1053 2400 videtur
1078 2358 1170 2418 quam
1198 2333 1364 2416 Δωρικόνς

211 2444 281 2484 nam
306 2423 399 2502 vulgo
426 2423 500 2484 illae
526 2425 640 2485 formae
665 2425 705 2484 ad
732 2419 896 2484 Aeolidem
923 2433 1121 2496 revocantur,
1149 2424 1190 2482 cl.
1216 2425 1317 2487 Diall.
1345 2427 1364 2484 1

212 2507 245 2586 ἐ.
268 2518 303 2572 46
322 2517 385 2570 not.
405 2519 436 2583 6,
463 2520 493 2570 et
515 2511 675 2590 opponitur
696 2507 1042 2587 Callimachi-prosodia
1061 2509 1189 2568 Dorica.
1238 2509 1362 2571 Secun-

212 2593 283 2654 dum
298 2596 454 2672 vulgatam
469 2594 633 2655 lectionem
649 2593 856 2654 Callimachus
873 2586 1043 2670 ἒκοσμήθεν
1057 2593 1218 2673 scripsisse
1235 2595 1360 2668 dicitnr,

212 2677 244 2738 id
264 2679 345 2759 quod
361 2679 445 2740 Dial.
462 2680 539 2740 Dor.
556 2701 586 2760 p.
602 2686 637 2742 19
657 2679 696 2739 ad
716 2675 869 2760 Cyrenaei
888 2685 1001 2759 poetae
1016 2679 1132 2738 Dorica
1152 2681 1293 2740 carmina
1309 2701 1359 2742 re·

211 2763 284 2840 tuli,
300 2764 331 2822 in
346 2763 456 2844 quibus
471 2764 602 2824 Doricos
617 2771 762 2824 accentus
778 2765 892 2842 positos
908 2783 976 2824 essa
992 2764 1210 2825 existimarem.
1240 2765 1360 2826 Contra

213 2847 379 2908 secundum
398 2847 521 2929 codices
541 2858 568 2911 3.
589 2857 616 2909 4.
637 2848 674 2907 L.
696 2845 797 2908 Gend·
827 2847 1033 2908 Callimachus
1053 2839 1200 2922 ἐφιλόθεν
1221 2850 1273 2909 vel
1301 2873 1357 2931 po-

213 2933 272 2992 tius
291 2923 438 3006 ἕφιλήθεν
454 2932 577 3011 scripsit
591 2925 863 3012 προπαροξυτόνως.
884 2933 952 2994 Ηοο
967 2943 1001 2993 ut
1011 2934 1076 3010 jam
1094 2935 1198 2994 verine
1213 2934 1358 3009 babeam,

210 3025 313 3078 movet
322 3017 510 3096 potissimum
523 3016 585 3076 alia
596 3015 778 3078 Callimachi
790 3017 828 3077 de
842 3028 973 3078 accentu
985 3019 1069 3078 vocis
1081 3018 1289 3080 Theocriteae
1302 3021 1358 3080 ad·
1389 3053 1395 3067 ·

210 3103 340 3174 notatio,
358 3101 396 3160 dc
415 3121 477 3182 qua
492 3122 584 3180 snpra
600 3102 666 3162 dixi
681 3103 721 3162 ad
737 3123 783 3162 νε.
801 3113 905 3178 3-9,
924 3103 978 3164 lin.
997 3113 1039 3166 11.
1061 3103 1129 3166 Nec
1144 3123 1200 3183 per
1223 3125 1259 3166 se
1282 3108 1359 3168 satis

210 3185 370 3266 probabile
394 3195 474 3259 erat,
501 3186 588 3248 verbi
611 3179 781 3264 ἐκόσμηθεν
804 3188 898 3268 (quod
922 3187 1015 3267 vulgo
1040 3207 1095 3268 pro
1118 3189 1263 3268 exemplo
1288 3192 1357 3266 ejus

211 3272 433 3334 terminationis
456 3272 522 3333 rive
543 3273 708 3333 Boeoticae
730 3272 797 3332 sive
819 3273 969 3333 Aeolicae
988 3274 1055 3334 sive
1070 3275 1204 3333 Doricae
1220 3277 1357 3353 ponitur,

212 3377 251 3418 ex
266 3357 401 3418 Homero
422 3359 567 3437 petitum,
589 3356 648 3416 vid.
668 3357 763 3418 Diall.
777 3357 793 3416 I
808 3379 839 3438 p.
855 3365 924 3434 211,
946 3359 979 3418 Il
992 3379 1021 3439 p.
1036 3357 1103 3437 317)
1125 3361 1247 3419 tonosiu
1262 3360 1355 3420 Dori·

211 3461 278 3504 carn
294 3462 333 3502 ex
350 3442 531 3504 Callimachi
547 3443 680 3502 carmine
694 3443 804 3502 notari.

190 3529 200 3546 ‘
273 3525 335 3588 Vs·
365 3537 414 3601 63,
441 3528 506 3588 lin.
534 3538 577 3591 10.
620 3527 741 3588 Heineii
769 3527 977 3604 conjecturam
1002 3515 1122 3603 όνηθον
1146 3527 1357 3606 probaverunt

210 3609 339 3672 (laelius
361 3622 392 3671 et
411 3611 597 3673 Duebnerna
619 3613 716 3672 invita
731 3612 931 3692 etymologia,
957 3631 1038 3691 qnae
1064 3612 1201 3696 additur,
1225 3604 1309 3690 παρᾶ
1323 3607 1356 3674 τό

209 3686 271 3754 duro
284 3696 443 3755 salvandas.
479 3696 559 3756 Nam
573 3687 693 3771 ἄνηθον
708 3695 843 3756 debebat
856 3697 893 3756 ab
908 3689 973 3756 ἅνω
987 3695 1207 3774 daia-derivari
1221 3709 1257 3760 ut
1267 3701 1355 3761 Dtll.

211 3787 259 3843 llll
269 3823 277 3852 ‚
296 3790 339 3844 13·
1166 3845 1171 3855 ,

275 3863 335 3926 Vs.
360 3871 409 3936 65,
432 3862 496 3924 lin.
523 3873 548 3925 3.
591 3851 700 3938 „ispa
712 3875 744 3926 et
761 3864 846 3924 Θεσσ.
862 3887 881 3925 a
897 3865 1035 3948 Πτελεῷ,
1055 3861 1255 3948 Triphyliae,
1272 3889 1355 3949 qnae

209 3947 300 4007 etiam
315 3944 469 4008 Arcadiae
486 3945 758 4022 adnumerabatur,
775 3960 806 4010 et
820 3950 1003 4011 Thessaliae
1019 3951 1154 4014 urbibus.
1182 3951 1356 4034 Sequentia

209 4031 369 4115 obpcurum
385 4040 432 4092 est
447 4053 507 4113 quo
524 4033 714 4094 referantur:
740 4035 791 4094 vix
814 4038 895 4095 enim
914 4045 1047 4114 possunt
1067 4035 1108 4095 ad
1125 4037 1300 4099 firmitatem
1324 4048 1356 4100 et

208 4117 371 4178 sanitatem
397 4116 471 4178 ulmi
495 4109 592 4178 dales.
636 4121 782 4180 Fortasse
811 4119 976 4180 delendum
1004 4111 1032 4196 ἦ.
1072 4119 1257 4202 Quanquam
1290 4122 1354 4183 Coo

209 4203 375 4283 praecipue
401 4213 432 4264 et
459 4201 710 4286 νεθαλασσωμένῳ
738 4205 808 4264 νὶοο
834 4202 973 4266 medicae
999 4207 1080 4266 vires
1107 4205 1354 4270 tribuebantur.¹‘

209 4283 356 4348 Duebn.

272 4406 313 4416 -
329 4373 394 4432 lin.
410 4383 433 4434 4.
465 4373 595 4448 „Potuit
611 4393 670 4434 vox
688 4365 795 4447 όρόσον
809 4374 879 4434 oriri
896 4393 913 4433 e
931 4373 993 4435 fine
1008 4376 1093 4436 vocis
1108 4365 1353 4452 όναόενόροὶσν.“

207 4452 314 4513 Geel.
352 4457 457 4516 Potius
476 4479 530 4534 pro
552 4453 683 4532 παρόσον
704 4459 849 4538 scriptum
872 4467 937 4517 erat
954 4457 1066 4521 litteris
1090 4457 1134 4536 όρ.
1160 4481 1200 4522 cx
1223 4482 1350 4540 praecc-

205 4531 297 4593 deute
312 4557 389 4597 voce
405 4541 518 4598 ascitis.
555 4543 596 4600 Et
617 4543 648 4602 in
662 4542 808 4617 amutal,
829 4541 882 4602 ubi
899 4542 1013 4620 legitur
1033 4533 1119 4604 claud.
1139 4539 1275 4626 παρόσον
1291 4567 1348 4606 aa·
