3020 5080
491 431 925 506 sceouu.1n.11,19-sa.
1215 429 1277 492 483

195 597 253 656 Vs.
272 603 318 658 98.
334 603 386 669 99,
402 594 468 654 lin.
488 603 531 660 17
564 596 681 656 Ultima
701 595 807 658 addita
828 606 899 657 sunt
920 607 1137 678 posteaquam
1156 618 1212 680 per
1230 619 1277 660 er·

130 699 230 740 rorem
240 639 401 758 Ἀρκαδίας
416 681 561 760 seriptum
577 690 669 745 osset.

195 767 252 826 Vs.
269 775 314 829 30.
327 775 378 839 31,
392 765 456 827 lin.
474 774 500 828 6.
536 758 726 827 Daulotos
712 787 783 843 pure
794 767 980 828 Duebnerus
995 767 1156 828 dubitavit
1185 768 1278 847 Quod

130 852 240 930 scripsi
265 841 361 910 ἓιάλον
384 859 430 910 est
452 849 633 927 marcidi,
656 851 801 927 mollis,
819 852 901 933 quod
920 852 1076 932 epitheton
1092 853 1276 914 'lheooriteo

95 1011 102 1020 .
129 931 257 1012 χάλκεον
273 936 455 1016 oppositum.
494 937 619 998 Deinde
632 957 750 1016 parum
750 947 835 998 reete
847 938 1055 1016 Kiesslingius
1070 932 1187 1012 πῆνοος
1204 941 1276 1000 scri-

129 1023 203 1100 psit,
228 1020 424 1081 Hamalrerus
444 1021 556 1097 πηλοῦ,
583 1022 768 1084 Duebnerus
791 1043 866 1083 vero
888 1021 998 1098 πηνίον
1023 1025 1194 1103 proposuit,
1224 1023 1276 1084 de·

129 1107 225 1188 nique
243 1105 374 1166 Geelius
388 1099 487 1181 πήνοο
504 1109 597 1168 tutari
613 1117 740 1169 conatus
756 1117 803 1169 est
820 1107 932 1168 collato
947 1109 1058 1167 Latino
1081 1130 1218 1187 panus,
1242 1119 1277 1168 ut

129 1190 304 1269 sitglomus
320 1192 422 1251 lanae.
446 1193 663 1253 VerissimeP.
682 1192 785 1253 Gens·
809 1193 940 1268 mqvov'3
956 1213 1026 1252 nero
1041 1194 1209 1254 scholiasta
1223 1194 1274 1254 de·

129 1277 237 1337 scribit
263 1277 496 1336 instrumentum
521 1279 671 1356 magicum
694 1298 710 1337 e
733 1297 804 1338 cera
824 1286 855 1337 et
876 1297 934 1338 ave
957 1279 1050 1359 iyuge
1067 1281 1276 1359 compositum,

129 1361 191 1422 vid
210 1381 301 1440 supra
318 1361 359 1420 ed
374 1383 418 1422 vs.
435 1369 478 1425 17.

190 1447 249 1506 Vs.
270 1457 313 1510 33
335 1455 383 1522 34,
410 1447 476 1508 lin.
501 1457 543 1511 19.
575 1446 777 1507 Valckenarii
793 1438 1087 1524 emendationemsl'
1106 1440 1276 1525 Ἀδάμαντα

132 1529 261 1590 Geelius
274 1531 432 1610 probavit,
450 1542 556 1592 contra
572 1552 648 1612 quos
660 1532 845 1592 Duebuerus
860 1532 967 1613 „quod
983 1533 1168 1594 scholiastae
1184 1533 1277 1594 tribui

132 1637 191 1675 nou
206 1625 316 1694 potest
359 1615 448 1694 Quod
464 1618 537 1676 olim
557 1626 640 1676 recte
657 1616 696 1676 de
712 1579 867 1693 ἀδάμαντι
881 1618 1014 1677 Platone
1038 1617 1183 1678 traditum
1201 1629 1275 1692 erat,

131 1701 298 1782 Byzantini
319 1703 414 1760 nostri
437 1702 521 1761 de
492 1723 559 1762 vrso
584 1702 697 1761 dietum
713 1703 813 1762 mirati
830 1712 861 1761 et
880 1711 967 1761 textu
990 1701 1113 1782 decepti
1134 1702 1174 1762 ad
1192 1703 1275 1763 Rha

134 1785 329 1846 damauthum
346 1786 585 1848 transtulerint.u
607 1788 766 1846 Particula
777 1786 815 1862 ῥα
831 1807 905 1848 sane
918 1788 967 1846 hic
983 1789 1173 1868 ineptissima
1187 1789 1276 1864 soret,

133 1871 186 1932 sed
209 1870 384 1932 emendatio
402 1862 574 1949 Ἀδάμαντα
594 1873 782 1949 necessaria,
811 1893 903 1952 quam
925 1873 1079 1932 firmam
1070 1893 1138 1952 rpsa
1160 1874 1277 1933 scholia

133 1957 184 2014 liu.
202 1966 229 2020 9
270 1956 313 2016 Ut
339 1958 514 2035 corruptela
535 1957 656 2038 stupido
677 1920 801 2016 librarlo
821 1957 969 2018 debeatur
985 1956 1024 2018 de
1040 1957 1275 2018 Rhadamantho

133 2042 297 2120 cogitanti,
314 2049 447 2102 attamen
464 2041 672 2102 ideononest
687 2041 848 2102 servanda.
1223 2089 1225 2094 .
1268 2071 1271 2080 ·

191 2159 233 2170 —-
250 2125 318 2185 liu.
334 2137 356 2188 l.
387 2126 572 2188 Duebuerus
586 2127 697 2186 lemma
713 2117 828 2185 καὶ
791 2147 856 2186 τον
872 2121 909 2184 ἕν
925 2117 1031 2208 Ἀιδῆ
1046 2125 1237 2187 delendum
1224 2147 1274 2204 Ju-

133 2209 216 2272 dioat
235 2219 267 2270 et
284 2201 454 2288 ἀμείλικτον
473 2212 512 2271 ad
533 2205 687 2288 ἀδάμαντα
705 2203 871 2270 Πλούτωνα
892 2185 1097 2273 referendum.
1130 2213 1207 2272 Mihi
1221 2232 1274 2292 po·

133 2298 191 2356 tius
207 2297 358 2356 scholium
375 2296 414 2356 ad
431 2298 597 2375 genuinam
609 2297 772 2357 lectionem
794 2288 943 2354 καὶτὸν
963 2285 1099 2394 ἀναιδῆ
1120 2298 1274 2394 pertinere
1384 2287 1386 2292 ¹

133 2367 270 2455 videtur,
298 2402 389 2461 quam
413 2382 550 2482 Tayloro
578 2390 746 2462 praeeunte
772 2382 898 2441 restitui.
935 2381 1027 2441 Pluto
1046 2369 1172 2478 ἀναιδῆς
1192 2381 1274 2442 haud

132 2467 212 2527 male
235 2467 367 2542 intelligi
388 2476 509 2547 poterat
528 2457 749 2544 ἀμείλικτος,ὶ.
769 2486 796 2526 e.
812 2461 868 2524 οὐκ
886 2459 1063 2542 αἰδούμενος
1076 2455 1146 2536 τοάς
1166 2463 1274 2565 ἱκέτας,

134 2562 166 2612 et
180 2571 288 2612 versus
288 2552 481 2612 Homericus
493 2552 533 2611 ad
550 2551 766 2612 illustrandum
777 2552 934 2648 epitheton
947 2551 1070 2631 apponi
1095 2551 1164 2610 Nec
1175 2552 1274 2610 minus

134 2637 282 2734 deinceps
314 2637 385 2696 olim
418 2637 564 2732 seriptum
594 2638 689 2698 luisse
714 2623 884 2697 videtur
863 2657 883 2712 η
912 2625 1050 2712 ἀναιδῆ
1078 2625 1275 2734 ἀδάραντα

134 2710 339 2781 ἀκουστέον
309 2741 361 2780 τον
375 2713 580 2800 στιρρόιιιτον,
600 2722 853 2804 quemadmodum
866 2721 1047 2782 Homericus
1062 2720 1138 2792 λάας
1150 2709 1276 2797 ἀναιδῆς

134 2807 303 2867 secundum
322 2807 438 2866 scholia
453 2817 484 2868 et
501 2809 692 2889 Hesychium
709 2817 756 2869 est
770 2798 904 2886 σκληρός.

175 2927 217 2938 -—
234 2892 296 2951 liu.
315 2901 341 2955 6.
369 2893 407 2952 Iu
421 2891 518 2952 Amst.
534 2891 631 2952 δονεῖν
647 2894 762 2954 editum
777 2893 926 2972 probante
937 2891 1063 2964 (laelio,
1080 2892 1129 2951 cui
1143 2911 1273 2973 sequeu-

132 2979 177 3037 tia
193 2977 367 3037 obscura'
338 2997 414 3037 vrsa.
453 2977 620 3038 Duebuero
637 2978 743 3055 judice
769 2980 857 3038 homo
880 2970 1007 3078 ineptus
1019 2976 1238 3038 adamantem
1230 2998 1275 3036 ιιι·

134 3065 253 3123 iernum
268 3063 353 3141 cepit
367 3061 405 3122 de
421 3062 497 3122 duro
513 3063 612 3121 animo
627 3063 807 3142 Delphidis,
823 3073 857 3124 ut
875 3055 965 3121 ἀλλο·
957 3063 1014 3142 rpsi
1028 3061 1094 3137 jam
1110 3061 1150 3121 ed
1167 3081 1275 3142 corpus

133 3146 330 3208 referendum
351 3157 441 3207 esset.
479 3147 556 3206 Mihi
577 3147 679 3224 potius
700 3149 875 3226 eonuptela
889 3138 956 3208 esse
971 3147 1051 3222 visa,
1077 3167 1138 3227 qua
1155 3147 1276 3207 sublata

134 3232 236 3293 nihil
227 3233 325 3312 ruepti
347 3231 472 3293 residet.
510 3230 679 3328 Correptio
690 3251 765 3291 sane
786 3231 858 3292 inde
874 3241 962 3305 nata,
981 3193 1062 3312 quod
1080 3227 1131 3288 sal
1147 3229 1174 3287 εἰ
1188 3250 1274 3309 seqq.

134 3317 173 3378 ad
186 3318 285 3379 verba
299 3313 349 3376 nat
362 3337 388 3375 ει
378 3315 434 3380 ”tl
445 3335 501 3394 περ
516 3305 645 3392 ἀσφαλὲς
659 3305 732 3373 ἀλλο
746 3318 901 3418 pertinere
918 3277 1107 3374 viderentur.

195 3403 316 3462 -lin
334 3411 377 3464 19
396 3388 834 3474 Veriuslsmmaforetrrld'
855 3393 948 3478 ’Ἀρι
967 3394 1031 3456 καὶ
1052 3387 1116 3454 τὸν
1139 3391 1177 3452 ἐν
1198 3385 1277 3453 ἀδα.

196 3491 255 3551 Vs
273 3499 317 3552 36
335 3497 383 3562 36,
397 3486 465 3548 lin.
481 3496 505 3551 9
544 3487 774 3566 Proposueruut
788 3493 950 3564 praeterea
971 3479 1077 3540 ἔπαιον
1098 3479 1212 3538 Coraes
1236 3479 1275 3538 ad

134 3573 291 3633 Plutarch.
307 3571 388 3650 11p.
402 3581 469 3646 468,
495 3563 619 3648 ἤπειγον
634 3569 857 3647 Kiesslingius,
881 3563 1032 3663 ἕπῆδον,
1038 3563 1181 3623 feceruut
1196 3565 1275 3622 aoei-

134 3661 221 3719 ncre‘
224 3658 397 3738 Heyuius
414 3656 453 3716 ad
469 3655 612 3736 Apollod.
629 3655 775 3734 probante
792 3651 901 3712 Geelio
911 3639 1276 3726 ,δπήχοννΗοιιιιιοιὴιι-
1338 3659 1340 3665 ·

134 3746 205 3804 sius.
239 3743 379 3802 Praetuli
392 3744 609 3803 Reinesiauum
625 3737 780 3819 ἒπῆγονδι.
797 3757 823 3798 ο.
840 3734 1095 3832 adhibebant3
1112 3735 1216 3794 neseio
1232 3743 1276 3793 ta·

134 3849 204 3889 men
220 3849 260 3888 an
277 3829 380 3887 verius
397 3828 436 3888 ait
451 3824 563 3911 ἐπῆρον
578 3825 811 3899 irritabant,
834 3822 873 3882 cl.
890 3809 1037 3900 χαλκδν”
1014 3839 1136 3900 ηγειρον
1154 3818 1276 3881 callim.

134 3915 170 3974 fr.
186 3923 249 3978 306
280 3911 416 3992 Vulgata
431 3889 523 3972 dictio
540 3921 622 3973 esset
637 3907 772 3988 διιρουον.

196 3997 258 4058 Vs
285 4007 436 4070 tte—41,-
450 3998 513 4058 lin.
539 4005 566 4060 7.
603 3995 720 4056 Iov-,l
739 3981 1278 4071 restitue„rlpset.“pro„slpsg

134 4085 196 4147 93.“
199 4102 399 4164 ‚quanquam
414 4042 519 4142 dubito
536 4101 576 4142 an
596 4101 633 4142 ea
648 4081 741 4141 lectio
756 4089 841 4141 recto
858 4097 896 4138 ex
914 4077 982 4137 eod.
998 4085 1024 4138 4.
1037 4076 1170 4154 repetita
1188 4075 1235 4133 sit.

196 4200 240 4213 -
255 4167 321 4228 lin.
338 4180 420 4244 11.,
424 4167 675 4243 ,Recentioribus
689 4160 787 4242 πόρνη
801 4181 1020 4257 nonnunquam
1036 4159 1195 4218 dicebatur
1211 4177 1278 4233 μαι-

135 4243 221 4324 νάς.“
255 4252 420 4325 Duobu„
444 4254 484 4311 cf.
501 4251 671 4311 Herodian.
686 4251 785 4330 Epim.
801 4271 829 4329 p.
845 4237 1055 4323 83μᾱινᾶς,
1078 4232 1280 4318 inseverat

135 4335 264 4396 κλίνεται
290 4329 449 4414 μαινάδος,
476 4335 514 4396 de
536 4356 596 4416 quo
617 4337 702 4395 vocis
725 4355 783 4395 usu
804 4335 842 4394 L
860 4329 1075 4391 Diodorfiue
1066 4350 1097 4388 su
1118 4327 1279 4386 Thesauro

139 4442 197 4482 nou
216 4421 351 4484 debebat
367 4421 519 4482 dubitare.

199 4508 258 4568 Vs.
281 4517 332 4581 43,
357 4506 422 4567 lin
448 4515 490 4570 16.
531 4502 631 4583 Μέχρι
655 4503 771 4584 τρίτον,
794 4499 877 4584 quod
896 4500 1035 4580 reposui,
1064 4507 1095 4557 et
1116 4492 1216 4554 inGl.
1242 4493 1281 4552 ad

138 4589 167 4649 h.
185 4591 206 4653 l.
222 4592 335 4672 legitur
350 4601 380 4654 et
394 4591 432 4652 ab
448 4593 616 4670 interprete
632 4611 686 4671 pro
702 4584 731 4661 ἐς
751 4585 814 4668 τρὶς
836 4587 967 4666 positum
986 4593 1033 4719 esp
1048 4585 1079 4644 iu
1095 4579 1236 4645 SohRec.
1252 4587 1284 4638 et

961 4685 998 4746 31
