2968 5060
618 329 826 378 PRAEFATIO.
1200 329 1285 376 Lm

125 483 195 548 viro
220 479 263 546 de
291 481 424 548 litteris
455 484 668 571 philologieis
691 483 810 546 eximie
840 483 974 564 merito,
1003 481 1038 544 in
1067 482 1138 544 cius
1161 480 1286 546 Biblio-

127 587 219 654 theca
242 591 470 676 Scriptorum
495 591 694 656 Graecorum
718 597 751 654 et
772 588 966 652 Latinorum
988 585 1159 652 Bucolicos
1185 586 1285 652 Grae-

126 719 180 760 cos
207 695 364 762 edendos
397 698 645 784 suscepissem,
672 694 730 758 ubi
757 693 906 758 intellexi
938 701 1113 778 angustum
1146 694 1285 780 spatium

126 801 336 866 adunationi
370 824 579 870 concessum
607 802 641 865 in
669 799 721 864 his
745 798 1004 885 corruptioribus
1025 801 1131 886 poetis
1153 800 1286 862 minime

126 909 290 991 omlieere,
312 909 380 974 ubi
399 909 448 974 de
470 917 595 972 mutata
608 908 752 994 priorum
769 906 950 994 editionum
969 904 1110 970 lectione
1130 906 1287 969 rationem

127 1015 301 1080 redderem
327 1015 556 1102 aliquatenus
584 1012 712 1094 utilem,
742 1013 778 1074 in
804 1013 948 1075 animum
978 1011 1095 1075 induxi
1122 1012 1230 1098 potius
1255 1010 1287 1072 in

127 1121 386 1186 Schneidewini
413 1123 484 1186 mei
506 1119 676 1203 Philologo
703 1117 743 1182 de
765 1115 960 1182 lectionibus
983 1115 1093 1180 dubiis
1115 1115 1286 1180 disserere.

128 1227 227 1309 Quod
255 1230 445 1316 inceptum
474 1251 541 1294 non
563 1226 648 1291 ultra
675 1224 725 1289 Id.
745 1240 778 1288 v.
806 1231 1020 1310 persequutus
1052 1243 1134 1286 sum.
1181 1219 1288 1283 Tanta

130 1335 232 1415 enim,
253 1357 464 1423 quanquam
485 1357 539 1400 res
557 1333 598 1398 ad
614 1330 788 1396 dialectum
809 1331 1008 1417 pertinentes
1026 1329 1187 1414 singulari
1202 1326 1287 1390 libro

130 1461 375 1526 reposcerem,
402 1437 595 1528 disputandi
615 1438 752 1501 materia
774 1457 808 1500 se
824 1435 995 1518 offerebat,
1018 1443 1055 1499 ut
1069 1433 1288 1518 intelligerem

28 1631 33 1644 ⁸
134 1569 241 1634 neque
271 1547 462 1631 Philologo
485 1555 553 1609 tam
576 1543 743 1630 copiosum
773 1564 854 1630 opus
884 1543 1074 1624 convenire,
1107 1561 1229 1626 neque,
1260 1539 1287 1600 si

136 1652 397 1720 Schneidewiui
414 1651 562 1716 amicitia
582 1649 615 1713 id
641 1647 840 1728 admisisset,
864 1649 1117 1735 disputationem
1135 1667 1193 1732 per
1210 1640 1290 1706 mul·

137 1767 189 1824 tos
221 1759 414 1826 fasciculos
447 1758 638 1822 distractam
670 1774 742 1818 meo
771 1754 909 1818 consilio
940 1756 1021 1817 satis
1050 1768 1289 1836 responsuram.

144 1865 259 1952 ltaque
282 1867 427 1932 accinxi
456 1886 507 1927 me
530 1861 662 1927 tandem
683 1860 726 1924 ad
748 1861 906 1924 maiorem
928 1858 1156 1924 Bucolicorum
1179 1852 1291 1916 editio-

142 1994 218 2037 nem
239 1972 436 2060 parandaru
462 1989 566 2057 paene
589 1968 728 2047 invitus,
757 1967 878 2052 quippe
905 1966 961 2052 qui
985 1963 1071 2028 haud
1099 1961 1221 2024 inscius
1243 1979 1292 2022 os·

144 2102 231 2162 sem,
259 2089 429 2165 quantum
457 2074 601 2140 laborem
631 2073 664 2135 in
684 2095 736 2136 me
760 2073 974 2158 susciperem,
1004 2070 1143 2135 fortasse
1166 2063 1291 2129 viribus

145 2187 230 2251 meis
259 2188 436 2250 maiorem.
481 2175 670 2246 Continebit
696 2186 804 2242 autern
834 2176 894 2241 hoc
923 2198 1023 2264 opus,
1055 2176 1190 2238 iuvante
1219 2170 1290 2235 Deo

148 2293 189 2356 Ο.
211 2291 279 2375 Μ.,
301 2301 446 2379 quatuor
468 2295 587 2368 tomos,
612 2307 750 2372 quorum
773 2282 895 2370 singuli
917 2282 998 2346 haee
1019 2277 1238 2346 exhibebunt:

235 2404 364 2462 Primus
385 2403 514 2460 textum
536 2413 609 2456 cum
628 2399 787 2476 apparatu
806 2389 935 2470 eritieo;

238 2510 400 2572 Secundus
412 2497 543 2564 Scholia
558 2517 631 2560 curn
647 2495 867 2581 disputatione
881 2493 920 2558 de
933 2491 1135 2558 Scholiorum
1148 2489 1291 2574 origine3

244 2617 364 2678 Tertius
392 2605 648 2672 Adnotationem
681 2599 836 2664 Criticam
867 2623 940 2674 curn
971 2595 1218 2684 quaestionibus
1248 2593 1292 2656 ad

155 2719 257 2784 crisin
280 2711 540 2804 pertinentibus:
564 2708 605 2773 de
628 2707 763 2771 familiis
784 2705 949 2787 codicum,
975 2703 1015 2767 de
1044 2701 1189 2766 lontibus
1209 2699 1292 2762 anti·

157 2845 297 2909 quarum
327 2819 524 2896 editionum,
559 2813 599 2878 de
628 2814 820 2877 auctoritate
848 2809 1005 2875 librorum
1035 2816 1068 2871 et
1094 2806 1293 2888 reliquorum

158 2928 310 2996 lectionis
329 2925 485 3006 fontium,
509 2920 549 2984 de
566 2917 824 3004 orthographicis
844 2913 1057 3002 quibusdam,
1081 2911 1121 2974 de
1143 2904 1292 2971 dialectis

159 3033 399 3112 bucolicorum,
428 3029 468 3092 de
490 3027 601 3092 metris
622 3024 860 3104 bucolicorum,
888 3022 929 3086 de
951 3020 1131 3084 carminum
1156 3011 1293 3076 auctori-

161 3139 240 3224 bus,
263 3139 304 3204 de
326 3137 440 3202 ordine
461 3133 657 3213 carminum

248 3257 377 3322 {marso
397 3238 671 3307 commentarium
691 3233 899 3318 exegeticum
918 3249 991 3291 eum
1008 3217 1294 3289 dissertationibus

164 3353 203 3419 de
221 3353 314 3441 poesi
335 3345 488 3416 bucolica
507 3353 540 3408 et
560 3343 600 3408 de
621 3342 730 3429 poetis
751 3335 922 3403 bucolicis.

246 3461 280 3544 2)
303 3456 370 3522 Hic
392 3455 516 3542 primus
531 3461 638 3515 tonius
655 3469 751 3534 quem
768 3440 998 3508 Bucolicorum
1020 3447 1130 3500 lectum
1149 3431 1293 3515 exhibet,

162 3571 189 3632 is
213 3589 234 3632 a
262 3563 427 3652 prioribus
455 3556 655 3622 editionibus
685 3553 780 3637 longe
809 3547 959 3614 discedit.
1003 3544 1077 3626 Qua
1103 3544 1137 3607 in
1165 3563 1200 3606 re
1227 3539 1294 3626 ple-

160 3693 296 3758 rumque
323 3667 482 3734 librorum
510 3663 735 3728 auctoritatem
763 3665 919 3742 sequutus
948 3676 1031 3718 suus.
1076 3649 1185 3730 Quum
1208 3647 1294 3710 enirn

162 3777 203 3843 ll.
223 3775 411 3864 Stephanus
441 3791 484 3834 ex
509 3765 750 3854 antiquioribus
773 3761 990 3842 editionibus,
1021 3757 1091 3844 ipse
1114 3755 1207 3820 libris
1228 3773 1296 3815 ma-

162 3883 338 3969 nuscriptis
356 3879 427 3942 fere
443 3897 509 3940 non
523 3896 619 3954 usus,
640 3871 862 3936 recensionem
882 3888 974 3940 suam
991 3863 1179 3942 conflasset,
1198 3879 1295 3946 saepe

164 4011 231 4054 earn
255 4010 273 4051 e
294 3983 466 4074 peioribus
495 3980 641 4046 lontibus
663 3978 861 4056 derivatam,
888 3972 981 4037 multi
1007 3968 1138 4059 quidem
1161 3986 1296 4051 sequen·

163 4097 241 4159 tium
263 4093 430 4158 editorum
444 4088 531 4152 haud
549 4107 672 4175 paucas
688 4082 843 4147 lectiones
867 4055 1023 4142 lihrdrum
1040 4096 1100 4161 ope
1117 4079 1294 4151 mutarunt,

165 4203 337 4288 praecipue
363 4193 641 4262 Commelinianae
664 4187 785 4267 editor,
812 4183 1069 4264 Valckenarius,
1097 4174 1296 4254 Brunekius,

165 4306 371 4384 hleinelrius,
395 4300 577 4381 Ameisius,
601 4297 660 4362 sed
682 4293 793 4359 nullus
814 4289 1059 4354 fundamentum
1081 4281 1164 4346 illud
1185 4279 1299 4363 vulga·
1382 4355 1387 4362 ι

164 4425 213 4480 tae
234 4411 392 4478 lectionis
407 4428 428 4470 a
443 4404 605 4493 Stephano
622 4403 784 4490 positum,
807 4393 956 4485 quamvis
975 4411 1130 4478 pravius,
1149 4385 1298 4452 deserere
