3020 5080
204 450 212 469 ⁸
260 381 323 444 492
475 433 483 459 ,
730 391 948 442 ιοιιοιιιιο.

261 553 401 634 proxime
430 573 498 612 eam
529 549 739 631 quaerendum
769 571 838 612 esso
867 560 998 631 apparet
1021 571 1061 612 ex
1088 551 1264 614 Pausaniae
1295 551 1429 612 deseri·

261 641 367 719 ptione
385 637 423 710 V,
441 649 488 710 15,
504 647 523 701 3
542 639 680 716 quamvis
696 635 841 714 obseura3
866 657 963 716 quare
984 637 1121 696 Elisonis
1134 639 1186 698 vel
1198 637 1309 698 Elisae
1334 658 1428 696 oom-

262 724 437 784 memoratio
467 722 570 802 aliena
600 732 662 795 est,
699 724 752 801 qui
779 719 891 782 fluvius
920 721 1088 782 secundum
1118 721 1303 782 Strabonem
1334 722 1429 782 VIII

262 831 292 889 p
315 807 540 872 sternendis
561 805 663 883 κοίλης
685 817 716 867 et
736 807 882 867 Pisatidis
906 808 1044 867 confiniis
1066 815 1141 866 erat.
1182 807 1295 887 Neque
1312 809 1427 884 magis

262 893 403 970 intelligo
430 891 580 972 quomodo
605 891 798 969 Dindorfius,
804 891 844 952 ad
867 890 1026 952 SchArist.
1050 912 1079 970 p
1102 899 1154 954 579
1180 892 1219 952 ιιι)
1239 892 1426 952 Aristotele

262 978 470 1038 Helissontem
496 976 696 1050 Arcadicum,
719 977 824 1056 quiin
847 973 1003 1057 Alpheum
1026 977 1126 1037 influit
1145 976 1239 1038 Paus.
1265 979 1303 1052 V,
1333 987 1365 1050 7,
1398 991 1426 1050 1,

261 1063 448 1123 nominatum
477 1063 640 1122 existimet.
679 1021 802 1122 lleinde
826 1060 989 1122 Aristoteli
1013 1082 1069 1141 pro
1092 1061 1146 1120 τοῦ
1172 1060 1311 1162 ποταμοῦ
1339 1056 1424 1120 ἀπέ-

261 1161 372 1226 χουσα,
391 1147 472 1228 quod
496 1167 563 1206 cum
582 1145 837 1227 praecedentibus
860 1134 940 1222 παρὰ
961 1139 1072 1204 ιὸι-
1088 1137 1223 1223 ποταμὸν
1238 1147 1321 1206 male
1340 1149 1422 1218 coit,

263 1252 302 1294 ex
320 1231 479 1292 SchArist.
505 1231 727 1292 restituendum
742 1230 865 1291 videtur
882 1252 934 1290 ιοο
922 1229 1033 1306 ἱεροῦ
1045 1218 1205 1308 ἀπέχουσα.
1236 1232 1313 1292 Jam
1335 1251 1422 1291 vero

256 1326 390 1416 apparet
411 1318 539 1396 primum
559 1336 670 1377 nomeu
691 1317 778 1377 fluvii
795 1304 918 1374 Ἰλισσὸν
939 1314 1034 1395 (apud
1054 1314 1181 1376 Suidam
1198 1305 1347 1374 Εῖλισσόυ
1365 1316 1421 1388 V.

256 1390 389 1460 Ἐιισσὸν
405 1398 474 1478 *V.)
496 1401 692 1462 falsissimum
715 1422 797 1475 esse,
814 1400 898 1481 quod
914 1400 952 1460 ab
967 1402 1186 1496 interpolatore
1205 1402 1343 1479 pessime
1370 1402 1420 1460 in-

260 1497 375 1548 trusum
390 1485 529 1560 videtur,
553 1487 687 1566 quinon
707 1447 896 1565 intelligeret
920 1475 1058 1562 ποταμὸν
1077 1487 1314 1564 intelligendum
1342 1506 1420 1547 eme

260 1572 429 1651 Alpheum,
456 1573 543 1648 cujus
566 1590 677 1631 nomen
699 1572 731 1630 in
750 1569 957 1651 descriptione
976 1570 1016 1630 ad
1038 1569 1216 1649 Olympiam
1232 1572 1420 1650 pertinente

260 1665 345 1716 recte
364 1658 458 1717 omitti
474 1665 604 1737 poterut.
638 1655 761 1716 Deinde
776 1656 910 1716 dubitari
925 1676 987 1716 uon
1000 1663 1103 1734 potest
1117 1657 1192 1736 quin
1208 1657 1419 1716 intervallum

260 1750 329 1802 octo
352 1741 519 1802 stadiorum
534 1742 572 1801 ab
595 1739 789 1801 SchTheocr.
814 1740 982 1800 indicatum
998 1760 1097 1819 suque
1120 1741 1233 1800 salsum
1250 1742 1289 1800 sit
1306 1761 1348 1800 ac
1366 1761 1419 1800 se·

259 1827 388 1904 ragiuta
405 1828 571 1886 stadiorum
594 1825 675 1904 apud
695 1824 904 1886 Aristotelem.
942 1825 1103 1899 Attamen,
1130 1845 1224 1906 quum
1242 1823 1418 1906 Olympiae

259 1912 459 1990 topographia
481 1913 654 1972 etiamnunc
679 1910 893 1972 obscurissima
916 1913 970 1984 sit,
993 1911 1154 1971 certiorem
1176 1909 1313 1990 aliquam
1338 1931 1417 1970 eon·

256 1997 407 2074 jeoturam
422 1996 559 2073 prolerre
573 2017 635 2056 non
650 1995 761 2057 audeo.

323 2111 367 2128 -·
381 2081 448 2140 liu.
466 2091 494 2146 6.
532 2081 607 2156 „An
623 2070 660 2139 οὗ
677 2081 795 2152 καλῶςι
810 2080 864 2140 sed
880 2089 928 2140 cst
942 2081 1044 2160 potius
1060 2069 1196 2154 (naru'
1161 2099 1218 2138 ουιι
1233 2099 1269 2139 ευ
1254 2061 1416 2141 di-ciso

259 2165 316 2244 let)
337 2166 475 2244 epicrisis
493 2127 669 2227 truhcatu“
698 2165 841 2226 Duebu.

322 2251 449 2326 Vs.10,
474 2251 582 2315 line
618 2251 686 2310 Hoc
706 2250 909 2310 scholiumex
927 2249 1033 2309 ultimo
1048 2247 1135 2309 adh
1153 2271 1182 2309 v.
1190 2249 1299 2330 ,quod
1319 2251 1408 2311 ink.

257 2334 369 2395 huuc'
356 2355 460 2414 rpsum
476 2337 575 2397 locum
597 2345 740 2436 occupat,
767 2335 899 2415 pessime
919 2344 1091 2413 corruptum
1113 2343 1168 2394 est.
1208 2335 1411 2414 Insequenti

259 2420 374 2480 scholio
382 2421 489 2521 ,quod
504 2421 642 2481 codicum
654 2441 711 2498 cpe
728 2422 760 2480 in
776 2421 924 2480 veriorem
940 2421 1066 2479 formam
1083 2421 1290 2492 restituimus,
1306 2417 1411 2480 ἐντεῦ-

258 2509 316 2564 θεν
335 2514 381 2564 est
404 2507 614 2586 interpretatio
637 2525 730 2566 verae
752 2505 893 2565 lectionis
910 2496 1078 2566 ιουιόθε.
1117 2504 1222 2566 Verba
1243 2495 1339 2565 αιἰιον
1355 2495 1410 2566 τὸν

258 2579 375 2669 καρπὸν
391 2592 535 2671 intellige
553 2591 654 2651 nihil
676 2589 787 2651 aliud
809 2590 886 2662 nisi
909 2589 1085 2650 fructum.

321 2709 364 2718 -
381 2675 446 2735 liu.
464 2687 499 2741 13
512 2696 619 2755 seqq
650 2676 794 2735 Lectioui
809 2655 885 2751 1ἐγει
900 2671 932 2734 di
946 2675 1032 2734 favet
1050 2675 1141 2734 etiam
1157 2677 1300 2754 superius
1314 2677 1407 2735 sebo·

257 2759 330 2819 lium
345 2758 398 2819 liu.
408 2769 445 2832 9.,
462 2761 513 2820 ubi
530 2756 720 2836 di-pch.
745 2758 888 2820 Ceterum
903 2759 1051 2819 scholium
1068 2760 1243 2820 etiamnunc
1259 2761 1408 2821 emenda-

258 2851 322 2902 tore
339 2851 420 2920 eget.
461 2845 498 2903 In
515 2842 632 2904 codrers
646 2845 677 2906 k
696 2853 840 2924 corrupta
853 2845 986 2904 lectione
1000 2841 1106 2946 apios
1109 2848 1223 2920 αισχεῑι
1242 2846 1343 2906 latere
1361 2849 1407 2905 ri·

257 2925 344 2986 detur
365 2923 457 3001 ιιρὲοις
477 2926 580 2986 ἔσθειν
598 2929 649 2988 vel
671 2924 800 3003 ἐσθίειι;
816 2927 928 2990 deinde
944 2949 999 3009 pro
1014 2923 1133 3004 ἀρχαῖοι
1148 2930 1252 2990 malim
1266 2919 1402 3007 ἀθληταὶ

255 3031 313 3072 nee
330 3011 392 3072 scio
402 3031 442 3071 an
453 3011 485 3070 οἱ
494 3004 625 3089 ἀθληταὶ
640 3013 722 3094 quod
741 3034 834 3094 supra
847 3014 901 3074 lin.
917 3024 944 3076 8.
962 3013 1057 3094 (quod
1072 3014 1244 3074 scholium'
1235 3035 1268 3075 ru
1283 3016 1317 3076 k.
1333 3037 1406 3094 Ριο·

256 3097 338 3155 xime
355 3095 523 3176 antecedit)
540 3099 614 3158 ink.
634 3095 734 3160 Gen·
762 3099 910 3171 abundat,
927 3099 999 3159 hinc
1016 3100 1215 3160 aberraverit.
1254 3100 1405 3162 Duebne·

254 3202 306 3242 rus
330 3181 417 3241 initio
438 3183 546 3242 scholii
567 3183 688 3261 abjecto
708 3192 779 3262 post
803 3174 960 3262 ἠγωνίζετο
980 3185 1101 3280 reliqua
1122 3186 1210 3278 sequi
1229 3185 1323 3260 jubet
1344 3187 1405 3246 hoc

255 3287 364 3327 sensu.
392 3266 472 3344 μῆλα
499 3268 537 3328 de
566 3270 664 3348 pomis
688 3271 791 3349 potius
819 3269 973 3346 intellige,
1003 3267 1036 3326 ol
1055 3257 1112 3348 peip
1133 3257 1252 3346 ἆρχαιοι
1279 3281 1341 3330 etc.
1362 3307 1405 3316 -

256 3351 380 3450 „Verba
391 3352 518 3413 Homeri
532 3362 604 3414 suut
618 3351 658 3412 de
673 3355 785 3415 hieme.
817 3354 891 3413 Vult
906 3354 999 3430 igitur
1014 3354 1181 3414 scholiasta
1195 3361 1309 3432 poetae
1323 3357 1406 3432 psile

255 3457 323 3498 esse
333 3429 431 3497 πάντα
442 3459 478 3497 ια
468 3428 662 3516 θρέμματα,
677 3440 751 3518 quia
764 3438 902 3499 omnibus
915 3438 991 3513 illis,
1006 3459 1068 3500 uon
1083 3439 1158 3499 solis
1170 3435 1289 3514 ovibus,
1304 3441 1404 3502 hiems

254 3523 358 3600 gravis
374 3527 450 3583 est“
485 3523 592 3584 Geel.

319 3605 379 3666 Vs
397 3617 437 3671 15
472 3608 604 3670 Verba'
594 3629 626 3668 ιιι
644 3609 695 3670 *A
714 3609 764 3670 *5.
781 3608 898 3668 inserta
913 3607 953 3668 ad
968 3608 1120 3670 ιιιιοιιιιι“
1112 3612 1403 3707 interpretationem

251 3691 421 3788 pertinent,
445 3713 525 3771 quae
546 3694 591 3752 sic
605 3695 727 3754 restitui
745 3701 860 3773 potest:
883 3680 922 3763 ὡς
937 3683 1042 3752 σκαιὸν
1058 3713 1147 3771 ιυρον
1167 3683 1219 3752 τὸν
1237 3687 1404 3772 βουκόλοι,

253 3765 307 3830 cdv
323 3767 498 3849 Kopddnve.
536 3775 681 3838 Ceterum
697 3779 805 3839 scholii
820 3777 938 3837 initium
953 3779 1069 3855 justam
1085 3779 1248 3840 verborum
1265 3791 1403 3842 constru-

254 3859 383 3918 ctionem
399 3859 561 3936 significat.

317 3943 377 4003 Vs.
403 3953 444 4004 15.
478 3943 643 4006 Jacobsius
670 3947 828 4027 transponi
849 3947 943 4024 jussit
964 3940 1148 4024 πορεύεσθαι
1170 3937 1266 4026 ἤγουν
1290 3951 1401 4028 στείχε-

250 4031 342 4102 σθαι,
358 4037 393 4088 ut
407 4029 491 4108 origo
507 4029 592 4090 vocis
605 4024 709 4108 πόρτις
728 4033 824 4110 magis
840 4041 1020 4118 appareret,
1041 4032 1134 4094 medii
1148 4033 1320 4110 στείχεσθαι
1338 4047 1399 4098 turn

252 4115 378 4174 formam
389 4122 453 4174 turn
468 4115 722 4194 significationem
736 4117 864 4178 Geelius
876 4116 915 4177 ad
925 4113 1180 4178 Graecobarbara
1188 4121 1295 4182 refert
1315 4123 1399 4182 Due-

251 4198 378 4272 bnerss,
401 4202 558 4300 genitivos
574 4201 803 4281 singulares
767 4223 820 4276 της
840 4192 1027 4278 ἀκμαζούσης
1051 4211 1107 4264 etc.
1135 4205 1234 4280 magis
1255 4207 1398 4286 probans,

251 4283 348 4344 verba
358 4276 427 4355 sodo
442 4278 571 4362 ταύρους
584 4286 752 4365 σιείχεσθαι
768 4296 909 4366 ιοιιιιΡιιι
922 4296 1019 4366 putat.
1055 4289 1128 4368 Ipse
1142 4289 1235 4350 aliter
1245 4292 1397 4368 judicavi.

251 4369 321 4428 Hoc
338 4371 419 4429 enim
430 4371 503 4430 mihi
519 4373 592 4433 satis
609 4382 724 4432 eertum
739 4372 876 4447 videtur,
893 4371 1074 4451 στείχεσθαι
1081 4393 1121 4434 ex
1135 4366 1284 4435 στύεσθαι
1300 4398 1397 4438 corru-

319 4551 373 4602 Vs.
393 4553 431 4602 10.
459 4545 750 4620 Δθᾶιῂουτόθιι]
767 4547 894 4606 ἐνθένδε.
921 4557 947 4610 θ.
