2968 5060
225 374 334 424 axxvt
687 375 898 426 saturnum.

226 511 411 615 appositum
436 526 600 612 significat
626 549 739 594 omnes
760 529 878 594 indicis
900 527 1003 594 libros
1022 528 1180 591 asterisco
1202 535 1395 600 carentes,

228 635 315 700 unde
337 633 404 698 alia
430 633 527 700 lectio
553 657 619 700 non
644 635 746 700 allata
766 645 833 718 est,
863 635 956 701 illam
978 643 1088 700 tenere
1110 633 1234 715 videri,
1263 653 1392 718 quan-

227 750 296 807 tum
316 741 448 828 quidem
468 764 486 806 e
508 739 717 808 collationum
736 740 867 806 silentio
884 739 997 825 colligi
1016 739 1130 826 possit.
1176 738 1387 824 Aliquotiens

227 867 264 910 eo
287 844 371 937 siglo
386 845 597 932 Ziegleriana
611 846 740 914 collatio
756 844 1054 934 comprehenditur,
1070 845 1203 910 diversa
1223 845 1387 909 lectione

227 973 269 1014 ex
293 950 406 1016 eodem
429 953 541 1018 codice
571 955 606 1017 in
627 953 702 1020 aliis
724 952 957 1020 collationibus
981 949 1122 1036 prolata,
1147 960 1183 1015 ut
1208 942 1385 1033 ἀμέλγεις

221 1059 280 1140 p¹·,
309 1049 448 1140 ἆμέλγες
475 1056 564 1148 vulg.
616 1059 691 1124 Noli
718 1069 827 1126 autom
851 1059 1003 1141 credere,
1037 1055 1214 1140 lectiones,
1242 1056 1382 1143 quibus

227 1171 304 1242 vulp.
319 1162 520 1251 adscriptum
537 1173 601 1246 est,
625 1165 660 1229 in
674 1187 742 1231 una
758 1166 871 1253 aliqua
886 1166 1033 1252 priorsun
1054 1162 1237 1227 editionum
1250 1185 1377 1229 omnes

226 1279 349 1335 extare.
395 1271 479 1334 Nam
503 1269 679 1358 pleraeque
700 1271 832 1358 quidem
854 1272 889 1336 in
913 1271 1056 1336 editione
1079 1267 1298 1334 Valckenarii
1322 1269 1376 1334 le·
1479 1266 1480 1304 ³

225 1385 363 1461 guntur,
390 1378 468 1464 quia
496 1376 653 1442 librorum
676 1377 846 1442 asteriscis
868 1378 1049 1442 carentium
1079 1374 1271 1442 collationes
1294 1376 1373 1442 fere

226 1483 404 1548 secundum
426 1482 512 1548 hanc
533 1483 586 1548 vel
602 1482 747 1570 aliquam
769 1485 799 1548 ei
815 1485 1031 1570 propinquam
1049 1481 1156 1546 factae
1176 1493 1263 1548 sunt.
1297 1483 1371 1548 Sed

226 1611 326 1676 quum
347 1588 520 1674 Zieglarus
545 1611 644 1677 saepo
663 1589 837 1657 lectionem
859 1591 1039 1656 editionum
1060 1585 1284 1654 Valckenario
1307 1612 1367 1654 an·
1480 1611 1481 1614 ¹

225 1697 403 1784 tiquiorum
419 1694 608 1782 (praecipue
622 1695 841 1782 Heinsianae)
857 1699 1025 1782 vulgatam
1044 1693 1168 1758 dixerit
1181 1694 1366 1778 codicibus,

227 1803 283 1889 qui
308 1801 393 1866 hanc
414 1807 565 1883 teneant,
593 1822 659 1866 non
688 1803 880 1870 nominatim
905 1800 1076 1883 indicatis,
1100 1799 1225 1864 factum
1254 1810 1368 1866 estut

226 1906 389 1995 duplicem
405 1903 496 1970 illam
517 1905 594 1994 sigli
615 1915 694 1988 vulp.
712 1908 985 1996 significationem
1003 1929 1069 1972 non
1091 1905 1215 1992 ubique
1236 1908 1367 1972 evitare
1481 1889 1482 1898 ἵ

225 2015 397 2102 potuerim.
430 2012 514 2079 Gavi
536 2023 645 2080 autem
668 2015 854 2101 diligenter,
877 2035 919 2078 ne
942 2014 976 2077 in
997 2011 1111 2078 eodem
1134 2009 1205 2076 loco
1229 2011 1367 2078 diversa

227 2118 284 2183 illa
302 2127 380 2198 vulp.
400 2131 631 2188 concurrerent
645 2130 744 2210 atque
758 2120 840 2186 adeo
855 2119 1151 2200 confunderentur,
1170 2118 1268 2184 modo
1285 2119 1367 2184 Gai·

225 2226 262 2290 lii
283 2223 512 2292 collationibus
528 2227 699 2294 Duebneri
715 2249 776 2314 ope
791 2225 968 2314 suppletis,
991 2225 1087 2292 modo
1105 2224 1251 2309 Ziegleri
1267 2224 1366 2290 libris

226 2334 260 2396 in
283 2315 445 2396 cancellos
465 2332 631 2398 coniectis.
873 2397 876 2404 ,

311 2435 343 2519 c)
380 2432 474 2514 Quae
496 2437 591 2503 modo
614 2438 654 2503 de
675 2440 759 2524 siglo
781 2447 860 2518 vulp.
881 2438 971 2502 dicta
992 2443 1085 2516 sunt,
1112 2457 1216 2521 aeque
1240 2437 1365 2504 cadunt

227 2545 261 2608 iu
283 2563 339 2606 eas
360 2541 534 2623 lectiones,
561 2565 645 2630 quae
675 2566 774 2631 quum
797 2545 831 2609 in
857 2551 983 2610 textum
1002 2549 1152 2627 receptae
1178 2543 1263 2625 sint,
1291 2545 1365 2633 ipso

226 2645 347 2711 Variae
364 2644 530 2712 Lectionis
552 2647 682 2714 silentio
703 2651 798 2715 libris
820 2647 1016 2736 quibusdam
1038 2648 1260 2732 assignantur.
1300 2650 1364 2716 Eo

226 2752 300 2818 dem
328 2752 416 2816 enim
443 2773 541 2818 sensu
572 2753 647 2818 illae
676 2755 834 2822 lectiones
856 2756 892 2820 in
913 2751 991 2818 Var.
1013 2752 1104 2818 Lect.
1134 2752 1248 2819 addito
1278 2755 1365 2842 siglo

226 2867 304 2954 vulp.
327 2857 431 2944 repeti
454 2863 615 2944 poterant.

313 2966 348 3052 d)
383 2964 492 3046 Quum
515 2964 658 3051 Ziegleri
676 2964 843 3032 silentium
865 2965 904 3030 de
928 2966 1099 3054 spiritibus
1119 2973 1152 3030 et
1170 2967 1363 3033 accentibus

227 3071 310 3136 nibil
332 3071 409 3136 fidei
432 3069 567 3156 babeat,
596 3071 754 3138 lectiones
777 3071 847 3136 eius
869 3075 1002 3156 generis
1024 3071 1066 3136 ab
1091 3095 1129 3137 eo
1151 3072 1252 3137 tacite
1275 3096 1362 3140 rece-

225 3187 316 3266 ptas,
338 3201 436 3266 quum
459 3187 556 3245 antea
577 3179 711 3244 minime
729 3177 885 3262 vulgatae
904 3187 1030 3261 essent,
1053 3177 1164 3242 addito
1184 3187 1242 3242 tac.
1265 3183 1362 3258 Zr'ept.

227 3286 423 3374 significavi.

313 3393 548 3479 Inscriptiones
571 3391 760 3478 idylliorum
783 3413 804 3456 a
823 3390 988 3479 plerisque
1009 3389 1199 3454 collatorum
1225 3412 1362 3476 prorsus

225 3495 395 3580 neglectae
419 3508 511 3580 suut,
535 3520 636 3584 quare
656 3499 692 3561 in
714 3498 765 3560 his
789 3495 918 3559 silentio
940 3495 1022 3558 nihil
1044 3495 1145 3560 tribui
1164 3503 1283 3582 potest.

312 3600 451 3686 Reliqua
473 3601 573 3686 sigla,
594 3601 713 3688 quibus
735 3601 771 3662 in
788 3597 937 3662 codicum
960 3598 1156 3666 lectionibus
1170 3600 1361 3669 indicandis

226 3728 408 3788 naussum,
432 3707 556 3786 omnia,
578 3707 643 3770 nisi
659 3703 756 3768 fallor
762 3753 771 3786 ,
793 3701 877 3768 nihil
897 3703 1107 3769 obscuritatis
1129 3706 1183 3772 vol
1198 3707 1360 3795 ambigui-

226 3813 303 3876 tatis
318 3810 451 3876 babent.
489 3809 524 3874 Si
544 3810 600 3896 qui
615 3809 722 3873 codex
742 3815 872 3894 praetor
891 3809 1064 3876 lectionem
1079 3813 1203 3899 primae
1221 3816 1360 3900 scriptu-

226 3937 281 3981 rae
305 3915 402 3980 aliam
424 3923 603 3980 correctam
631 3909 746 3998 habet,
774 3913 864 3980 illam
892 3939 959 3984 non
987 3918 1109 4006 ubique
1138 3917 1251 3986 addito
1275 3920 1361 4005 siglo

223 4043 274 4103 pr.
295 4019 563 4105 distinguendam
584 4022 709 4086 censui.

303 4126 358 4190 Ex
368 4131 543 4191 editr'om'bus
553 4133 682 4208 antiques
693 4129 783 4216 ipsas
793 4129 1038 4218 antiquissimas
1048 4131 1203 4218 (excepta
1211 4131 1360 4216 (tour-m,

226 4255 309 4324 quae
332 4255 374 4297 ex
390 4231 466 4296 Ald.
490 4248 528 4296 11.
556 4235 695 4322 repetita
715 4237 779 4321 est)
802 4236 907 4322 elegi,
934 4257 1072 4322 quarum
1096 4237 1289 4302 varietatem
1312 4240 1360 4304 in-

225 4350 353 4428 tegram
373 4337 577 4423 exhiberem,
597 4339 890 4422 Mediolanensem,
909 4341 1065 4406 Aldinam
1080 4353 1262 4428 utramque,
1282 4343 1360 4410 Iun-

225 4447 338 4529 tinam
355 4445 619 4533 Oalliergianam.
655 4444 746 4527 Quas
761 4471 872 4516 omnes
889 4449 959 4535 ipse
976 4449 1023 4513 ita
1040 4451 1186 4534 excussi,
1206 4458 1245 4516 ut
1260 4453 1359 4518 etiam
