2978 5058
482 425 601 473 τοττι..
626 427 673 474 lx.
698 427 750 474 vs.
774 425 895 480 30-36.
1034 408 1037 412 ’
1199 413 1258 474 311

114 567 190 660 ἡμίν
204 572 416 662 γλυκύτερος
431 571 508 644 οὔτε
525 571 562 643 τδ
577 580 654 662 ἔαρ,
676 571 760 644 ὅσον
781 574 938 664 μουσική.
962 579 1085 664 Gen.¹’·)
1099 619 1142 632 -
1164 571 1239 662 (ού
1245 604 1262 656 ς

113 674 182 762 μὲν
203 669 348 763 δρῆτει
378 678 552 744 τουτέστιν
578 671 628 756 οἷς
649 679 713 764 μέν
733 679 806 745 ἐστι
832 683 928 764 φίλαι
956 666 1159 763 ῶΜούσαι,
1187 685 1261 764 χαί-

66 827 75 842 .
113 795 231 860 ρουσιν
250 779 386 846 ἐκείνοι.
437 773 513 858 τῶς
534 773 566 846 δ’
591 769 710 848 ούτιέ
725 775 834 866 ἤγουν
855 775 935 859 τούς
952 775 1082 866 σοφούς
1097 775 1206 847 ὀὐδέν
1229 807 1260 846 τι

112 879 315 967 παρατρέπει
337 882 399 947 τοῦ
420 881 556 958 δέοντος
572 883 640 923 ***
661 884 783 969 Gen.¹’·)
802 869 846 936 --ι
868 878 1104 969 (Δαλήσατο
1126 879 1163 949 δέ
1183 874 1259 948 ἀντὶ

110 983 168 1046 τοῦ
191 984 329 1062 ἔθελξει
357 985 468 1060 δαλεῑς
493 980 556 1070 γάρ
580 987 667 1051 εἰσιν
688 977 840 1070 ἀμαθεῖς.
863 1010 894 1074 p.
914 985 1005 1068 Καί.)
1025 1023 1069 1035 -
1091 974 1157 1062 Ὦς
1184 979 1292 1069 μίνό

110 1074 251 1168 ὁρῆτεε
284 1082 516 1174 [-γράψεται
539 1079 689 1162 καλούς
715 1079 794 1172 γάρ
824 1078 977 1172 ὁρῶσαι
1006 1083 1061 1152 καί
1088 1077 1160 1162 ούς
1182 1081 1258 1170 μὲν

86 1175 278 1265 ’ὁρεύντι
297 1187 351 1276 -—]
376 1186 567 1270 τουτέστιν,
591 1179 641 1266 οἷς
661 1189 725 1275 μέν
743 1188 816 1254 ἔστε
838 1192 932 1273 φίλαι
955 1172 981 1254 ῶ
999 1187 1155 1269 Μοῦσαι,
1183 1189 1258 1270 χαί-

107 1303 245 1366 ρουσιν·
269 1286 393 1354 ἐκεῖνοι
413 1289 466 1370 δέ,
490 1282 649 1374 οὕστινας
670 1282 730 1372 ού,
754 1289 982 1375 προσβλέπετε
1004 1283 1178 1373 δηλονότι,
1202 1282 1258 1353 διά

107 1388 166 1451 τοῦ
191 1389 303 1454 ποτοῦ
331 1392 476 1474 ἔβλαψεν
501 1382 523 1476 ἡ
545 1395 665 1477 Κίρκη.
687 1429 730 1442 -
759 1395 929 1476 (Κίρκης
960 1391 1082 1475 Gen.⁵·)
1119 1383 1175 1456 διά
1195 1382 1256 1456 τὸν

102 1479 265 1555 Ὀδυσσέα
292 1493 414 1575 φησίν,
445 1485 563 1558 ὅντινα
590 1485 632 1558 ού
662 1493 841 1571 κατέθελξε
869 1484 911 1556 τὰ
937 1492 994 1576 τῆς
1015 1494 1142 1576 Κίρκης
1164 1486 1255 1575 φάρ-
1277 1505 1307 1554 Ιο

105 1614 192 1674 μακα
202 1601 224 1680 ζ’
235 1583 317 1668 τούς
331 1588 367 1657 δέ
383 1591 552 1677 ἑταίρους,
577 1586 777 1678 ἀγνώμονας
793 1585 892 1670 ὄντας
907 1591 962 1658 καί
977 1586 1254 1676 ἀπερισκέπτους,

106 1683 344 1778 ἀπεθηρίωσεν
365 1685 548 1760 δ’κυκεῶν.
594 1690 737 1770 ουῶδεις
758 1688 822 1780 γὰρ
843 1680 931 1778 ἦσαν
958 1691 1014 1758 καὶ
1036 1686 1178 1777 ἀμαθεῖς
1200 1693 1271 1786 καίι

106 1783 169 1858 ύπδ
184 1791 245 1879 τῆς
255 1798 383 1881 Κίρκης
398 1791 583 1881 δυνάμενοι
598 1795 644 1884 τῷ
657 1795 748 1885 ποτῷ
762 1782 1072 1881 μεταμορφωθῆναι
1088 1797 1134 1872 είς
1149 1787 1255 1880 ἀλογα

106 1896 176 1982 ζῶα.
200 1935 245 1946 -
268 1887 355 1978 (Ούς
376 1889 419 1962 ού
440 1897 656 1982 προσορῶσιν
678 1897 715 1962 αί
734 1897 892 1980 Μοῦσαι,
916 1891 1058 1972 τούτους
1079 1897 1170 1984 ποτῷ
1192 1898 1254 1981 δη-

105 1991 230 2082 λήσατο
249 2000 375 2083 Κίρκη,
400 1998 552 2065 τουτέστι
574 1994 717 2076 τούτους
735 1991 756 2084 ἡ
771 1993 943 2085 θηριῶδης
958 1991 1078 2082 ἀλογία
1094 2001 1252 2082 ἔβλαψεν.
1273 2012 1304 2063 15

105 2099 256 2164 Eustath.
277 2105 326 2182 ιο,
346 2104 411 2184 το.)
568 2115 576 2122 ·
1244 2091 1247 2096 ’

184 2222 260 2282 Rec.
290 2210 392 2300 (Τῶς
420 2210 453 2283 δ’
478 2213 588 2284 ούτιε
617 2212 679 2304 τὴν
706 2216 783 2303 περὶ
808 2218 871 2284 τού
894 2211 1080 2293 Ὀδυσσέως
1101 2217 1253 2300 ἱστορίαν

102 2319 292 2384 αἰνίττεται.
325 2312 387 2384 τῶν
403 2315 465 2404 μέν
481 2312 545 2404 γάρ
563 2315 740 2402 Ὀδυσσέα,
763 2313 874 2405 σοφῶν
889 2314 971 2386 ὄντα
990 2316 1046 2385 καὶ
1064 2329 1136 2392 ταῖς
1150 2314 1253 2383 Μού-

103 2437 174 2495 σαις
202 2414 430 2506 φιλούμενον,
461 2414 529 2516 ὀὐκ
559 2419 743 2507 έδηλήσατο
771 2421 818 2512 τῷ
840 2421 932 2510 ποτῷ
964 2413 985 2506 ἡ
1011 2423 1137 2504 Κίρκη·
1173 2411 1252 2496 τούς

101 2519 215 2604 μέντοι
238 2518 347 2610 τούτῳ
369 2518 536 2599 συνόντας
555 2517 712 2608 ἠδυνήθη
732 2526 933 2608 μεταβαλεῖν
954 2525 1000 2598 είς
1018 2526 1143 2606 χοίρων
1163 2545 1249 2607 μορ-
1268 2536 1302 2588 20

102 2617 184 2706 ψάς,
209 2615 346 2708 ἀφελεῖς
365 2615 513 2710 εύροῦσα
535 2622 590 2690 καί
611 2625 751 2710 μουσῶν
765 2619 802 2690 τδ
822 2617 982 2708 παράπαν
996 2622 1247 2707 ἐστερημένους.

102 2725 143 2789 Μ.
160 2725 282 2811 Gen.·')
303 2764 344 2776 -
367 2719 453 2808 (Ούς
472 2722 508 2792 δὲ
531 2719 701 2812 οὐδαμῶς,
731 2719 834 2811 δρῶσι
859 2721 1016 2810 δηλονότι
1038 2723 1094 2792 καί
1115 2723 1249 2791 ἐπισκέ-

101 2849 258 2910 πτονται,
282 2827 320 2894 αί
331 2829 486 2910 Μοῦσαι,
505 2823 648 2906 τούτους
667 2824 851 2914 ἔδηλήσατο
869 2825 923 2897 καί
938 2831 1086 2912 ἔβλαψεν
1102 2818 1123 2913 ἡ
1138 2831 1247 2912 Κίρκη

101 2931 208 3018 ποτῷ,
236 2927 389 2994 τουτέστι
415 2923 472 2994 διὰ
496 2929 559 2994 τοῦ
579 2929 750 3006 κυκεῶνος
777 2930 839 2995 τοῦ
859 2923 1117 3016 φαρμακῶδους.
1162 2922 1247 2994 ἀνα-

100 3027 195 3114 φέρει
211 3027 248 3096 δὲ
264 3023 443 3114 τὸνλόγον
459 3024 542 3116 πρὸς
555 3023 732 3098 Ὀδυσσέα·
756 3017 855 3108 οὗτος
869 3025 933 3116 γάρ
950 3023 1063 3116 Ἑρμεῖ
1073 3031 1119 3120 τῷ
1133 3025 1245 3119 έφύρῳ
1264 3048 1298 3100 25

100 3131 160 3196 τού
180 3127 288 3216 λόγου
310 3135 410 3216 φίλος
431 3128 613 3219 γενόμενος
633 3129 689 3198 καὶ
708 3125 746 3200 τὸ
766 3134 860 3219 μῶλυ
881 3126 961 3218 παρ’
977 3132 1110 3198 ἐκείνου
1132 3124 1248 3216 λαβῶν

98 3225 255 3318 ἀνωτέρω
277 3234 345 3299 τῶν
366 3235 580 3320 μαγγανειῶν
602 3238 729 3320 Κίρκης
756 3232 904 3320 ἐγένετο,
933 3227 1012 3312 τοὺς
1039 3227 1070 3301 δ’
1094 3231 1247 3318 ἑταίρους

158 3459 207 3538 35)
221 3443 315 3606 *ἔξ-μὰς
329 3448 382 3533 τάς
397 3449 532 3533 Μούσας.
552 3459 588 3522 C.
603 3463 640 3524 P.
666 3452 809 3542 γράφεται
827 3435 878 3545 καί
894 3450 938 3532 ῶς
961 3455 1028 3538 μὲν
1050 3443 1162 3535 δρῆτε
1178 3459 1243 3514 Δω-

115 3566 144 3604 ικ
187 3592 195 3607 .
266 3589 274 3606 .

97 3565 113 3624 ⁰
147 3567 204 3728 ωόςδ)
230 3637 379 3744 Οὐδαμῶς
395 3649 565 3725 προσοράτε.
584 3649 620 3708 L.
636 3649 672 3712 P.
698 3637 752 3727 οὐχ
766 3639 861 3727 ὁρᾶτε.
878 3649 920 3708 Μ.
933 3635 1025 3706 -Ἦ
1038 3643 1145 3720 Κίρκη.
1167 3630 1243 3720 αὕτη
1260 3653 1295 3706 30

95 3722 323 3810 φαρμακωτοιδς
333 3753 373 3807 ην
384 3725 479 3812 γυνή,
493 3723 575 3810 ἣκαί
585 3723 652 3806 τούς
667 3721 828 3808 Ὀδυσσέως
838 3731 970 3812 ἑταίρους
988 3730 1029 3806 είς
1043 3729 1160 3810 χοίρους
1174 3749 1241 3807 μετ-

95 3815 207 3894 έβαλεν.
224 3819 268 3878 Μ.
298 3809 394 3896 ἤγουν
410 3808 429 3896 ἡ
445 3814 562 3898 συῶδης
575 3809 702 3897 ἀμαθία.
725 3819 762 3884 L.
781 3823 817 3882 P.

129 4089 152 4156 1)
164 4088 369 4145 8ο11ο1.ἰαοοδ,
381 4089 480 4156 legitur
489 4095 553 4144 ante
563 4090 648 4144 schol.
683 4103 748 4138 πετε
761 4093 789 4140 εί
801 4082 935 4156 ἔβλαψεν]
949 4087 1071 4150 Galim,
1090 4077 1203 4152 βλέπετε
1214 4090 1242 4136 et

33 4171 39 4184 ·
93 4157 200 4208 Αίττα
227 4161 339 4214 vn.15.
383 4162 488 4213 Ultima
511 4163 650 4227 perierunt
683 4155 966 4226 ποοσέβλαψεννιδς.
1002 4150 1240 4233 9)llGen.b·pos}

93 4245 151 4280 cum
167 4229 251 4280 initio
269 4231 409 4297 sequentis
430 4231 547 4295 acholii,
569 4249 584 4284 ο
607 4230 650 4282 ὀε
683 4227 769 4283 schol.
784 4229 831 4283 Vs.
850 4227 884 4279 28
902 4219 1124 4302 flovn'olcuoel.
1137 4248 1173 4258 —
1190 4219 1240 4302 δρα

92 4299 387 4353 extremndhnorent.
423 4301 452 4366 5)
466 4295 574 4369 ἔθελξε]
606 4298 649 4349 δί-
684 4315 736 4352 om.
754 4294 844 4348 (δειπν-
873 4295 945 4376 ,12)
962 4307 1039 4343 κνων
1060 4307 1109 4356 pro
1128 4301 1239 4368 κοιμῶν

92 4366 158 4429 δαξε
176 4369 260 4421 codd.
312 4372 342 4434 5)
360 4365 432 4420 είοιν
452 4387 505 4423 om.
522 4373 585 4422 Vnt.
616 4371 649 4422 lu
683 4364 773 4422 θεοῦ·
812 4366 856 4432 13)
867 4359 967 4428 aloru]
979 4357 1239 4438 Schaesqru9‚oeua

91 4437 181 4491 Gen.¹³·
204 4438 265 4490 sola
283 4444 380 4492 extant
399 4437 431 4490 δέ
449 4436 504 4492 είσι
528 4436 559 4490 of
578 4434 648 4505 ἀμα-
681 4437 767 4504 vulg„
782 4436 818 4490 cf.
831 4433 959 4501 p.312.1.
1001 4428 1136 4495 20)αυτιμ
1151 4428 1238 4480 Gen!-

91 4507 172 4568 θεῖς,
189 4509 367 4574 μτιεοεδεοῐί
379 4509 486 4562 scholio
500 4510 650 4562 ndhneren·
683 4507 728 4574 20)
741 4503 781 4566 είς
799 4505 916 4572 χοίρους
930 4502 1021 4553 Gen&
1035 4525 1069 4536 -
1092 4495 1239 4565 30)’πρνσ·

89 4578 138 4629 tia.
175 4577 204 4644 5)
217 4575 307 4644 slOm.
321 4578 424 4631 Gen.¹·¹¹
472 4579 500 4645 8)
514 4575 649 4646 προοβλέ-
685 4575 862 4658 ρρῆτεοοδδ.
899 4561 1131 4638 32)(λμᾶθειαΡ·
