2980 5048
248 393 348 442 XXXII
719 393 926 442 cassaneto.

332 566 364 648 e)
400 551 571 629 Theaeteto
595 565 631 629 in
660 563 799 630 SchVet.
828 564 880 629 bis
902 567 1104 632 nominatur:
1136 587 1171 651 p.
1195 565 1254 644 80,
1280 567 1334 628 lt.
1358 560 1394 626 de

248 669 375 752 origine
400 667 539 730 nominis
567 659 694 747 Θύβρις
719 683 747 746 1,
774 668 843 729 118.
867 675 952 754 etp.
977 670 1112 744 87,11.
1138 665 1183 729 ad
1208 683 1237 740 1,
1263 668 1331 726 111.
1349 662 1395 738 'dc

248 763 417 851 exactores.
462 767 556 830 Prior
577 766 688 843 locus‚·
713 790 733 830 a
757 769 916 833 Wartono
937 770 1041 855 primo
1063 790 1108 834 ex
1133 765 1310 830 codicibus
1330 785 1395 850 pro.

247 879 372 948 tractus
401 877 685 933 commentatorem
715 867 878 933 Theocriti
907 871 1023 934 sistere
1055 869 1214 948 videtur,
1248 875 1287 928 nt
1315 873 1395 928 recte

248 971 524 1036 Wuestemannus
541 969 704 1053 judicavit
720 969 952 1035 accedentibus
967 970 1159 1035 Fritascbio
1178 978 1213 1033 et
1227 965 1395 1030 Duebncro

248 1099 278 1162 p.
301 1073 385 1136 xtt.¹’·
427 1071 630 1135 Fritzschius
650 1069 737 1142 bunc
751 1073 998 1154 grammaticum
1013 1073 1191 1136 existimat
1208 1093 1277 1134 nou
1299 1068 1395 1130 diver·

156 1183 164 1190 “
249 1199 319 1240 snm
347 1197 419 1240 esse
447 1194 467 1236 a
488 1171 664 1235 Theaeteto
692 1169 893 1236 Scholastica
915 1175 1032 1238 aetatis
1056 1173 1300 1238 Justiuiaueae
1322 1165 1395 1238 trid.

249 1277 381 1341 Jacobs.
402 1273 502 1338 Anth.
522 1273 579 1336 Gr.
601 1289 675 1336 xttt.
691 1293 722 1357 p.
738 1274 825 1354 917.)
835 1321 843 1353 ,
858 1277 954 1362 cujus
965 1278 1000 1338 in
1014 1276 1227 1360 Authologia
1243 1274 1395 1358 epigram-

249 1387 337 1442 mata
356 1377 480 1463 aliquot
502 1381 616 1438 extant
638 1395 743 1459 neque
765 1374 807 1439 ab
829 1397 868 1440 eo
890 1375 1085 1458 Theaeteto,
1108 1378 1214 1463 cujus
1238 1375 1273 1438 iu
1288 1369 1393 1436 biblio-

126 1507 129 1516 ¹
247 1480 342 1544 theca
364 1477 584 1542 Laurentiano
607 1484 764 1540 tractatus
786 1477 927 1542 ineditus
946 1475 1022 1558 περὶ
1041 1470 1209 1551 Ἀττικῶν
1225 1468 1394 1556 ὀνομάτων

249 1589 331 1645 teste
347 1579 509 1644 Bamliuio
532 1593 559 1639 11
580 1601 612 1664 p.
630 1579 720 1660 368„
740 1579 794 1642 vel
813 1578 854 1642 ab
877 1601 931 1662 eo,
954 1581 1048 1664 cujus
1066 1579 1157 1644 liber
1178 1573 1259 1659 περὶ
1282 1595 1391 1654 παροι-

246 1685 323 1766 μίας
345 1689 653 1747 commemoraturs
682 1679 798 1744 Photio
819 1690 851 1743 et
877 1679 978 1746 Snida
1000 1703 1024 1744 s.
1047 1704 1078 1745 v.
1105 1673 1219 1744 οὐδὲν
1238 1670 1321 1760 πρὸς
1340 1667 1392 1735 τὸν

248 1779 431 1850 Διόνυσον.
476 1781 673 1845 Duebucrus
696 1780 840 1864 dubitat,
870 1791 977 1846 utrum
1004 1781 1058 1846 ille
1089 1778 1331 1864 intelligendus
1352 1775 1389 1836 sit

249 1888 304 1973 qui
333 1880 409 1968 περὶ
442 1876 598 1947 Ἀττιιιῶν
623 1873 816 1964 ὀνομάτων,
846 1906 888 1947 su
916 1882 997 1947 alter
1025 1886 1080 1970 qui
1110 1880 1193 1964 περὶ
1222 1879 1391 1960 παροιμίας

248 1988 426 2075 scripserit.
473 1983 647 2047 Fritzschii
676 1985 893 2069 suspicionem
924 1983 965 2048 de
992 1984 1175 2049 Theaeteto
1201 1981 1387 2047 scholastico

247 2074 388 2152 maxime
411 2085 615 2152 commendat
639 2084 736 2170 hujus
757 2087 957 2170 epigramma
978 2085 1047 2150 ΑΡ.
1070 2103 1112 2169 x,
1144 2091 1195 2150 16.
1203 2135 1213 2168 ,
1238 2081 1324 2170 quod
1345 2088 1386 2141 est

246 2191 387 2256 hominis
409 2189 442 2253 iu
467 2187 631 2251 Theocriti
655 2185 779 2272 idylliis
801 2189 942 2266 versati,
966 2209 1029 2274 quo
1051 2199 1185 2274 practer
1211 2185 1384 2250 bucolicum

246 2295 344 2358 totius
367 2290 507 2356 colorem
529 2289 733 2374 potissimum
758 2290 922 2375 pertinent
944 2312 992 2352 vs.
1015 2293 1044 2354 3.
1068 2281 1121 2352 ἐπ’
1146 2281 1385 2372 ἀκρεμόνεσσιν·

247 2434 289 2444 -
313 2390 417 2472 τέττιξ
444 2393 501 2480 (cs.
523 2389 659 2456 Theocr.
684 2406 759 2472 XVI,
784 2387 869 2473 943),
900 2415 947 2454 vs.
973 2396 1001 2454 7.
1023 2381 1151 2454 ὑπνώει
1175 2387 1215 2454 δὲ
1237 2384 1382 2452 θάλασσα

247 2496 305 2578 (cf.
329 2493 465 2558 Theocr.
494 2510 538 2576 11,
567 2495 619 2556 33.
647 2491 832 2580 [38]),111
859 2497 905 2556 ll.
936 2487 1088 2580 Πριήτιμ.
1133 2493 1294 2557 Attamen
1315 2507 1381 2550 uum

245 2594 446 2658 Fritzschius
469 2595 512 2658 ad
536 2594 675 2660 eundem
695 2603 780 2658 recte
797 2592 915 2656 librum
932 2591 1007 2674 περὶ
1028 2597 1210 2678 παροιμίας
1233 2588 1379 2666 retulerit,

244 2695 318 2760 ideo
341 2693 467 2776 dubito,
491 2697 578 2783 quod
598 2695 733 2760 Photius
758 2697 791 2758 in
814 2694 921 2759 lexico
944 2707 1006 2758 tarn
1034 2696 1227 2762 recentibus
1254 2690 1379 2757 auctori-

244 2796 305 2860 bus
326 2818 391 2860 uou
413 2798 527 2861 utitur.

328 2899 362 2984 l)
404 2903 548 2963 lllunatus
579 2899 685 2963 sexies
712 2907 997 2982 commemoratur,
1027 2899 1061 2964 in
1083 2897 1321 2986 hypothesibus
1342 2889 1376 2952 ad

244 2999 294 3063 ld.
319 3015 370 3062 111.
393 3017 453 3064 vn.
476 3017 562 3065 xrur.
587 3008 619 3064 et
644 3002 677 3064 in
701 2999 839 3064 Sthet.
867 3017 910 3084 ιι,
944 3007 1013 3067 1011.
1043 3018 1108 3078 vu,
1135 3003 1205 3066 106.
1234 2999 1302 3062 138.
1344 2991 1375 3055 In

243 3103 356 3189 primis
382 3111 522 3188 quatuor
548 3102 628 3166 locis
656 3114 789 3188 propter
819 3123 944 3166 errores
975 3103 1165 3167 commissos
1194 3103 1374 3184 castigatur.

242 3203 373 3286 merito,
396 3206 424 3267 ai
441 3205 572 3291 quidem
594 3201 737 3266 absurda
754 3201 811 3266 illa
829 3225 872 3266 ex
889 3203 1013 3268 Munati
1034 3207 1278 3270 commentariis
1298 3205 1374 3262 recte

242 3305 346 3370 relata
375 3315 465 3388 sunt3
488 3327 594 3392 neque
612 3303 776 3368 Haulerus
799 3329 830 3392 p.
857 3311 906 3369 17.
939 3305 1067 3370 Munati
1086 3328 1229 3370 errorem
1252 3304 1371 3368 chrono-

242 3406 382 3491 logicum
410 3407 498 3494 Hyp.
521 3423 606 3470 xvtt.
634 3405 687 3470 vel
717 3407 864 3491 ejusdem
889 3407 1033 3492 ineptum
1055 3429 1191 3472 acumen
1214 3409 1247 3470 iu
1271 3404 1372 3486 Tityro

242 3507 348 3592 idyllii
378 3511 465 3574 tertii
495 3508 704 3574 Theocritum
737 3529 896 3594 quaerens
930 3494 1106 3573 defendere
1136 3509 1286 3576 debebat.
1326 3501 1369 3564 De

241 3607 376 3674 Munato
404 3633 445 3676 ne
471 3611 537 3675 ullo
561 3609 690 3697 quidem
721 3609 854 3674 aliunde
877 3620 1017 3693 constat,
1039 3633 1145 3698 neque
1167 3611 1235 3674 ullo
1254 3605 1369 3676 nomine

239 3707 408 3792 probabile
441 3721 491 3776 est
525 3713 686 3776 veriorem
718 3713 859 3776 nominis
894 3711 1029 3778 formam
1064 3735 1135 3777 esse
1170 3705 1366 3782 Monaeses,

239 3829 336 3893 quam
367 3833 397 3897 p.
426 3815 482 3895 27,
511 3817 557 3876 15.
585 3812 708 3878 codicis
735 3837 760 3878 r.
782 3813 888 3878 Gaul·
913 3815 1086 3900 praebent,
1118 3814 1366 3879 ethralleuscm

161 3935 167 3945 ·
241 3907 332 3972 illum
356 3906 506 3994 κριτικὸν
526 3914 791 3999 intelligendum,
814 3939 878 4003 quo
902 3915 1049 3981 Herodes
1071 3917 1202 3982 Atticus
1225 3916 1365 4000 magistro

239 4031 318 4074 usus
341 4023 405 4096 est,
425 4015 492 4080 vid.
508 4015 668 4080 'Philostu'
688 4015 768 4080 Vitt.
785 4017 883 4104 Soph.
905 4041 936 4104 p.
956 4021 1028 4082 538.
1045 4023 1133 4101 5644
1157 4020 1191 4082 in
1214 4015 1366 4084 codicibus

239 4133 356 4177 nomen
373 4114 546 4202 aliquoties
563 4111 721 4192 Μόνοιτος
737 4119 790 4183 vel
806 4114 963 4194 Μένατος
977 4121 1148 4205 scriptum:
1178 4121 1285 4202 Quum
1300 4133 1364 4182 vero

238 4215 271 4277 in
303 4214 539 4302 hypothesibus
568 4227 601 4282 et
627 4218 759 4284 scholiis
786 4223 916 4306 saepius
943 4232 1055 4286 contra
1084 4221 1254 4287 Manatum
1283 4237 1364 4308 qnam

238 4324 351 4380 contra
377 4339 570 4404 quemquam
593 4318 694 4384 alium
718 4321 816 4408 idque
839 4323 988 4388 acerbius
1012 4324 1209 4410 disputetur,
1237 4319 1364 4410 suspicio

237 4417 381 4480 nascitur
404 4439 495 4501 eum,
525 4420 576 4484 cui
599 4420 679 4484 haec
706 4422 903 4488 scholiorum
926 4427 1141 4490 vetustiorum
1160 4425 1304 4490 redactio
1320 4421 1363 4485 de·
1458 4445 1459 4449 ¹
