2946 5046
247 383 347 434 1211er
704 381 913 436 punctulo.

246 577 354 621 nasse.
401 553 634 642 Conspirantia
663 577 737 620 cum
769 555 852 622 (lull.
875 557 1032 644 pleraque
1059 557 1176 641 omisi,
1204 577 1267 622 nec
1293 554 1391 620 minus

248 679 332 744 quae
354 677 396 722 ex
415 658 576 742 Gregorio
600 657 769 724 Corinthio
792 657 910 725 hausta
931 669 1018 724 sunt

333 759 366 845 7)
398 762 520 848 Soleolr'a
541 766 714 836 vetustiora,
736 781 821 845 quae
843 762 941 824 etiarn
971 769 1045 846 post
1072 759 1256 824 multorum
1277 760 1392 822 critico-

247 882 319 926 rum
350 881 445 925 curas
475 861 627 944 pessimis
650 859 845 948 corruptelis
868 861 1053 944 scatebant,
1069 853 1223 949 'primum
1247 860 1392 924 librorum

247 983 309 1050 ope
330 961 503 1026 emendare
526 959 646 1024 studui.
691 960 838 1041 Quorum
860 964 1002 1047 optimus
1025 961 1241 1027 hauddubie
1264 969 1313 1024 est
1333 959 1392 1023 llo-

247 1061 447 1128 diolanensis
466 1066 496 1124 lc.
521 1061 572 1147 (ut
591 1060 677 1125 idem
706 1063 740 1126 in
763 1062 843 1148 ipsis
866 1063 1148 1149 poenitebis),
1178 1085 1224 1128 ex
1248 1083 1312 1148 quo
1332 1059 1392 1124 solo

165 1165 181 1184 '
247 1165 281 1228 in
303 1161 474 1250 hypothesi
498 1173 531 1226 et
552 1161 685 1227 scholiis
707 1163 750 1227 ad
771 1162 822 1227 Id.
844 1181 892 1229 1v.
908 1187 1007 1250 quum
1029 1163 1110 1228 alios
1133 1163 1228 1229 locos
1251 1173 1320 1226 tum
1340 1163 1391 1225 bos

246 1264 509 1350 corruptissimos
527 1265 561 1327 in
579 1264 742 1350 integrum
766 1266 937 1330 restituere
959 1267 1113 1352 contigit:
1140 1289 1174 1352 p.
1199 1271 1256 1347 ll,
1273 1271 1292 1327 5
1309 1285 1391 1350 seqq.

245 1371 373 1446 -154‚
402 1366 576 1446 20-158‚
603 1367 776 1442 10-164,
804 1369 853 1430 17.
880 1369 1050 1447 18-165,
1074 1366 1103 1430 8.
1136 1373 1204 1444 11.,
1233 1366 1291 1430 ubi
1312 1363 1390 1428 solus

246 1467 400 1532 lacunam
422 1466 578 1551 explet—
591 1469 667 1548 178,
683 1471 712 1530 4.
730 1471 797 1548 12.;
821 1469 856 1532 in
878 1465 953 1532 aliis
973 1470 1119 1532 virorum
1136 1469 1308 1554 sagacium
1324 1487 1390 1529 cou-

242 1569 389 1654 jecturas
422 1567 554 1650 egregie
581 1567 803 1651 confirmavit,
832 1579 868 1633 ut
895 1591 926 1656 p.
954 1573 1006 1651 11,
1029 1574 1058 1634 7.
1091 1567 1285 1634 Casauboni
1313 1559 1387 1647 (ηδ’,

245 1691 278 1756 p.
311 1671 384 1752 165,
412 1673 462 1732 11.
484 1665 631 1732 Jacobsii
658 1671 888 1750 transiverat,
919 1691 951 1755 p.
981 1674 1057 1752 177,
1087 1673 1116 1736 8.
1151 1671 1324 1736 Duebneri
1350 1657 1389 1738 ὦς

247 1765 346 1854 κόρης
374 1793 447 1835 cum
476 1768 563 1832 bona
584 1768 738 1856 Gregorii
765 1771 903 1836 lectione
926 1774 1091 1860 conspirat
1111 1797 1146 1860 p.
1174 1777 1251 1854 154,
1277 1773 1321 1834 17.
1344 1769 1386 1830 18.

246 1873 352 1938 Valde
372 1881 479 1936 autem
499 1869 689 1955 dolendum,
707 1872 793 1959 quod
811 1872 853 1936 ed
873 1873 1076 1960 reliquahoc
1093 1877 1233 1961 egregio
1252 1869 1386 1938 subsidio

246 1977 294 2040 uti
327 1996 392 2038 non
427 1972 529 2037 licuit.
587 1973 718 2060 Reliqui
750 1973 880 2039 codices
909 1975 1027 2060 prioris
1057 1975 1207 2040 familiae
1240 1973 1384 2061 plurimas

245 2077 401 2142 lectiones
423 2097 495 2139 cum
513 2073 551 2138 h.
575 2081 761 2160 communes
784 2075 921 2158 habent,
945 2099 1006 2142 nec
1027 2099 1150 2163 paucas
1171 2077 1316 2164 optimae
1336 2091 1384 2134 no

244 2189 315 2260 tae3
344 2176 476 2240 caedem
499 2175 609 2240 multis
635 2177 799 2242 erroribus
823 2176 929 2242 codici
952 2177 986 2242 k.
1012 2180 1156 2266 propriis
1187 2176 1286 2242 vacui
1307 2181 1382 2252 sunt,

245 2300 350 2364 neque
373 2287 481 2342 tamen
503 2275 600 2361 latet,
623 2287 745 2365 quanto
769 2279 941 2344 inferiores
964 2281 1039 2344 sint.
1085 2279 1140 2342 Ex
1162 2279 1279 2346 codiee
1296 2297 1327 2362 p.
1347 2272 1382 2336 ad

246 2379 358 2444 ld.1v.
379 2379 577 2465 paucissima
595 2380 699 2444 relata
720 2389 811 2460 sunt,
828 2389 864 2442 ut
882 2379 1008 2446 familie
1026 2381 1172 2446 secunda
1190 2403 1265 2446 cum
1281 2375 1381 2440 codice

245 2483 278 2546 k.
300 2481 483 2566 comparari
505 2489 661 2568 nequeat3
688 2502 763 2546 nam
793 2479 898 2546 codex
926 2485 955 2546 3.
984 2485 1070 2548 inter
1089 2482 1177 2547 banc
1200 2493 1234 2548 et
1254 2481 1380 2568 priorem

244 2583 418 2666 ambiguus
447 2592 505 2649 est.
551 2583 590 2647 ln
613 2581 765 2670 reliquis,
792 2582 850 2648 ubi
874 2583 915 2647 de
944 2583 979 2648 k.
1005 2597 1071 2648 nou
1094 2595 1241 2667 constat,
1276 2578 1379 2646 ceteris

244 2682 389 2750 familiae
405 2683 523 2768 prioris
544 2683 638 2748 libris
660 2683 763 2748 multo
780 2684 861 2770 lplus
875 2683 977 2749 tribui
997 2695 1139 2772 oportet,
1158 2689 1238 2774 quia
1252 2681 1378 2770 plerum·
1448 2697 1449 2700 ’

243 2808 307 2873 que
330 2783 420 2849 illum
443 2806 515 2848 cum
538 2785 589 2848 hie
609 2808 674 2851 non
697 2785 871 2850 dissentire
889 2786 1059 2871 probabile
1082 2797 1149 2870 est3
1171 2797 1315 2852 attamen
1334 2799 1377 2842 ct·

242 2888 385 2952 vendum
416 2909 457 2950 nc
488 2887 529 2950 iis
560 2877 656 2952 nimis
690 2887 878 2969 credamus,
909 2887 1007 2974 idque
1034 2911 1077 2952 ne
1106 2882 1377 2954 consentientibus

242 2988 374 3076 quidem
400 2989 494 3073 ¹inter
526 3009 577 3071 sc,
613 3009 710 3074 quum
744 2983 785 3052 cx
813 2989 862 3053 Id.
893 3005 940 3054 lv.
971 2991 1050 3054 satis
1078 3001 1206 3056 constet
1215 3039 1225 3073 ,
1254 2993 1328 3076 quot
1351 2989 1387 3042 et*

242 3099 381 3178 quantas
413 3091 616 3176 corruptelas
644 3112 832 3155 communes
864 3091 1017 3156 habeant.
1067 3090 1211 3156 Familia
1245 3083 1376 3172 secunde

242 3215 334 3260 suam
355 3190 483 3257 laudem
512 3190 626 3272 habet,
655 3193 831 3279 praecipue
854 3193 1099 3280 antiquissimus
1129 3194 1201 3278 ejus
1230 3189 1330 3258 codex
1348 3207 1375 3270 P·

241 3294 402 3382 Exemplo
427 3294 483 3375 sit,
507 3292 594 3378 quod
617 3316 648 3379 p.
669 3296 744 3376 273,
767 3299 812 3358 111.
837 3295 925 3359 solus
948 3317 980 3381 p.
1000 3293 1151 3360 lacunam
1174 3292 1300 3380 explet,
1321 3305 1375 3372 qut

241 3399 341 3484 vulgo
364 3395 479 3462 turbae
502 3393 608 3458 fectae
630 3405 759 3460 suntet
780 3397 925 3462 veriores
948 3396 1104 3462 lectiones
1123 3391 1374 3478 servavitque,

169 3513 186 3521 “
243 3502 394 3580 lli-ll),
421 3497 569 3572 11-13,
598 3501 644 3560 11.
671 3507 747 3578 etc,
773 3497 859 3562 idem
883 3519 954 3562 cum
977 3503 1007 3564 3.
1030 3520 1105 3584 pag.
1135 3501 1215 3580 242,
1238 3493 1372 3565 6-3252

241 3605 272 3664 e.
286 3598 391 3664 Valde
411 3596 586 3664 dolendum
593 3645 602 3679 ,
614 3599 701 3686 quod
716 3599 831 3664 codex·
840 3601 915 3664 Bar.
932 3621 998 3665 non
1017 3599 1210 3686 diligentius
1229 3609 1372 3664 excussus
1445 3611 1446 3618 ¹

241 3709 306 3782 cst,
330 3700 386 3786 qui
408 3699 570 3765 secundae
587 3699 732 3766 familiae
747 3700 925 3766 adhaerere
947 3700 1094 3782 videtur;
1115 3701 1205 3766 solus
1220 3704 1304 3768 enim
1323 3692 1371 3758 a'li·
1444 3773 1445 3796 Χ

240 3810 319 3888 quot
341 3803 475 3886 egregia
505 3803 744 3890 suppeditavit,
771 3812 807 3866 ut
829 3827 860 3891 p.
887 3809 944 3884 to,
969 3809 1018 3868 15.
1049 3803 1164 3869 scholii
1191 3803 1297 3868 manci
1322 3793 1371 3860 ini·

78 3957 82 3970 .
179 3916 182 3922 '
240 3906 321 3968 tium
345 3912 378 3966 ot
406 3924 437 3989 p.
462 3906 540 3986 atr,
564 3912 582 3970 4
608 3927 698 3994 seqq.
731 3907 870 3992 optimas
899 3903 1065 3970 lectiones.
1111 3904 1225 3992 Neque
1255 3900 1369 3968 codices

240 4004 284 4070 M.
308 4015 340 4068 et
357 4003 460 4068 Gen*
486 4007 519 4068 in
542 4009 682 4070 vetustis
703 4029 786 4095 quae
804 4015 918 4072 tenent
938 4005 1086 4090 scholiis,
1110 4028 1292 4096 quanquam
1310 3997 1369 4064 Tri·

238 4106 329 4174 clinii
356 4128 487 4171 menum
522 4129 621 4194 saepo
650 4105 793 4196 experti,
831 4107 1159 4176 lionis'lectionibus
1188 4115 1306 4172 carent
1332 4131 1366 4146 -·

240 4216 459 4288 c'aue'erqr'onae
482 4211 674 4290 auctoritas,
695 4233 881 4297 quanquam
905 4211 1090 4276 sexcenties
1109 4212 1239 4276 codices
1254 4207 1368 4272 veriore

236 4312 413 4399 praebent,
445 4310 656 4376 nihilominus
680 4333 745 4377 non
771 4322 892 4378 temere
920 4312 1104 4400 spernenda
1126 4323 1184 4378 est.
1229 4305 1366 4376 Uteris

238 4414 280 4480 ad
302 4413 352 4480 ld.
373 4431 420 4478 lv.
449 4412 620 4500 aliquoties
643 4416 804 4498 genuinas
837 4413 994 4482 lectiones
1020 4413 1151 4480 cumis.
1174 4421 1285 4480 eontra
1309 4405 1367 4476 reli·
1442 4465 1443 4475 ,
