3020 5080
458 381 604 436 senona.
626 382 675 436 m.
692 382 758 454 vn,
782 381 947 440 rer-tos.
1215 371 1278 438 517

132 563 204 604 esse
223 543 359 604 censuit:
385 537 459 620 φασὶ
482 531 609 614 πολλοὺς
632 530 827 624 <mvltvm
847 546 905 605 τῶν
920 533 1114 624 Κενταύρων,
1135 534 1188 618 οὓς
1203 543 1276 606 tirol-

131 625 280 708 στρηοεν>
299 621 381 701 οἶνος
396 624 517 700 ἐκεῖνος.
554 627 682 690 Geelius
699 629 856 709 prop‘osnit
867 623 961 706 ἐδόθη
974 619 1056 713 crispi
1070 619 1129 690 όιτό
1145 634 1192 706 A,
1210 633 1277 696 sine

133 733 244 789 causa,
263 713 408 858 {ntcllige
429 715 569 790 ,‚vioum,
591 735 653 796 quo
668 715 785 776 Pholus
801 715 967 798 Herculem
987 715 1177 791 delectabat,
1201 717 1276 778 illud

133 808 182 860 est
222 818 261 858 uo
303 803 382 860 etc.‘¹
1133 803 1139 832 ί

199 821 242 928 [l—
256 884 322 944 lin.
338 891 381 948 18.
418 883 520 944 Minus
534 903 641 944 verum
654 883 777 946 videtur
790 879 858 962 περὶ
872 872 979 962 αὐτῆς,
995 885 1078 966 quod
1093 886 1277 948 Duebnerus

132 969 309 1050 proposuit,
330 989 421 1050 quam
436 968 608 1047 Kicsalingi
623 958 693 1041 παρ’
710 959 803 1052 αὐτῷ.
1143 985 1147 993 “

194 1085 236 1098 -
253 1053 319 1115 lin.
342 1063 370 1115 4.
404 1055 442 1114 In
463 1052 621 1133 Euripidis
643 1052 781 1136 Cyclope
801 1076 847 1116 vs.
869 1063 921 1119 156
941 1055 1042 1134 potius
1061 1054 1186 1117 Silenus
1205 1057 1276 1117 vino

30 1201 46 1222 ⁸
132 1138 300 1216 instigatus
316 1137 453 1216 χορεῦσαι
470 1136 598 1215 dicitur,
614 1138 669 1200 sed
682 1139 842 1218 probabile
860 1149 907 1200 est
923 1139 1014 1200 etiam
1024 1137 1191 1222 Cyclopem
1207 1163 1265 1202 cao
1317 1158 1328 1176 ·

132 1223 181 1283 tui
196 1243 244 1287 vs.
260 1232 314 1288 sot
327 1224 520 1284 saltationem
535 1221 701 1284 addidisse.
784 1283 795 1298 ,
929 1253 932 1260 ’

200 1339 244 1354 -
271 1309 336 1369 lin.
357 1317 385 1372 6.
421 1306 541 1368 Eadem
556 1308 742 1389 etymologia
755 1329 847 1389 supra
864 1308 999 1371 SchVet.
1014 1309 1045 1384 Ι,
1065 1318 1116 1386 68,
1138 1309 1191 1372 ubi
1205 1309 1276 1388 βλη-

133 1385 226 1473 χρόν,
241 1393 295 1454 sed
312 1391 414 1455 Gen.¹³·
437 1379 598 1468 αόληκρόν.

200 1507 245 1522 -·
261 1476 327 1540 lin.
346 1489 383 1542 re
407 1477 616 1556 Kiesslingios
632 1478 818 1540 existimavit
832 1479 909 1539 haec
924 1479 1078 1558 pertinere
1091 1477 1130 1538 ad
1141 1481 1278 1540 Demetr.

135 1562 178 1624 de
194 1563 270 1625 elec.
290 1574 353 1636 115,
375 1562 428 1624 ubi
449 1553 599 1640 ψυχρότης
621 1564 796 1654 agnoscitur
814 1565 845 1624 in
867 1565 904 1624 iis
922 1583 1001 1646 quae
1019 1558 1067 1622 ἐπὶ
1085 1563 1137 1623 τοῦ
1153 1557 1277 1624 Κόκλιο-

133 1669 192 1719 ιτος
207 1647 439 1726 λιθοβολοῡντος
453 1637 510 1722 την
524 1648 602 1708 ναῦν
617 1649 670 1708 τοῦ
699 1644 852 1720 odoratae
867 1648 992 1730 qnidam
1009 1646 1138 1710 dixerit:
1161 1669 1277 1725 ,φερο-

134 1729 227 1810 με’νου
248 1732 301 1792 τοῦ
324 1731 413 1792 λίθου
433 1725 514 1811 αίηες
531 1728 668 1811 ἐνέμοντο
688 1727 720 1790 ἕν
734 1723 853 1816 αότρῑ.“
888 1735 980 1806 Hunc
994 1743 1118 1794 secutus
1133 1736 1278 1796 Duebne·

135 1837 204 1880 rus:
221 1858 242 1893 ‚,
249 1811 373 1894 φιλότης
388 1816 588 1899 depravatum
603 1828 650 1880 cst
661 1839 701 1880 ex
715 1812 883 1897 ψυχρότης,
900 1829 930 1879 et
945 1810 1001 1886 οὐκ
1014 1805 1074 1878 ote’
1090 1811 1149 1894 όντη
1165 1819 1278 1880 dictum

135 1903 274 1978 videtur,
300 1901 385 1984 qood
408 1903 462 1964 ille
477 1904 666 1964 Demetrium
688 1903 823 1964 refutare
845 1903 978 1964 volebat.
1013 1903 1093 1964 Nam
1108 1905 1139 1964 in
1159 1906 1278 1984 integro

136 1989 256 2050 scholio
273 1985 356 2049 haud
370 1987 462 2048 dubie
477 1989 701 2050 memorabatur
709 1984 829 2048 'diorum
843 1987 920 2048 illud
936 1987 975 2048 de
991 1987 1202 2066 λαθοβοίοόντι
1218 1991 1278 2072 Cy-

139 2073 245 2152 clope,
274 2071 358 2154 qood
382 2073 559 2134 Demetrius
579 2075 704 2135 affert.“
734 2073 812 2134 Mihi
837 2073 958 2134 minime
986 2072 1131 2134 credibile
1157 2074 1279 2138 videtur

137 2159 226 2219 illum
239 2157 390 2218 Demetrii
403 2157 546 2218 rhetorici
563 2159 663 2220 locum
679 2159 807 2238 respici3
825 2155 879 2218 sed
895 2159 1046 2219 Demetrii
1062 2159 1171 2220 cornici
1185 2161 1280 2221 verba

138 2262 288 2322 agnosco,
312 2243 401 2320 cujus
420 2243 451 2302 in
473 2242 579 2303 fabula
599 2241 722 2302 Σικελία
745 2240 791 2322 (11
808 2263 839 2322 p.
856 2252 918 2308 816.
935 2242 1045 2320 Mein.)
1065 2245 1279 2324 peregrinatus

139 2328 251 2408 aliquis
271 2326 310 2386 de
336 2329 420 2388 saxis
448 2346 467 2386 a
494 2327 632 2409 Cyclope
654 2329 747 2405 jactis
770 2326 951 2388 narraverit.
995 2317 1056 2388 Cur
1080 2329 1157 2388 haec
1184 2332 1280 2391 verba

139 2413 322 2487 afferantur,
345 2413 376 2472 in
396 2411 513 2472 scholio
531 2412 772 2494 maleexcerpto
787 2433 849 2472 non
863 2413 937 2474 satis
953 2422 1083 2492 apparet
1099 2423 1133 2472 ut
1146 2416 1279 2494 saepius.

138 2499 213 2561 Jam
228 2517 300 2558 vero
315 2489 457 2572 φιλότης,
479 2497 560 2578 quod
582 2497 721 2576 Toupios
742 2500 825 2577 prius
847 2499 878 2558 in
892 2491 1072 2574 φιλοπότης,
1092 2506 1201 2578 postea
1215 2499 1280 2558 Ad·

140 2583 233 2644 dend.
250 2591 327 2646 crtr.
343 2583 375 2643 in
392 2582 524 2658 Φιλητᾶς
538 2583 647 2642 mutari
658 2583 806 2662 jusserat,
818 2604 873 2663 pro
889 2581 1067 2664 appellandi
1084 2582 1213 2642 formula
1226 2573 1293 2642 ho·⁸

141 2669 207 2729 beri
242 2677 331 2728 otest.
1115 2673 1117 2681 ’

204 2690 265 2812 ila.
290 2762 354 2826 154,
374 2751 441 2812 lin.
465 2763 506 2815 15.
543 2749 760 2832 Interpretatio
782 2743 936 2828 ἕκερόσαιε
958 2753 1060 2832 potius
1086 2751 1126 2813 ad
1152 2752 1281 2814 alteram

141 2837 307 2899 lectionem
328 2825 607 2917 διεκρανόσατε
627 2839 779 2917 pertinet,
798 2847 832 2898 nt
853 2829 1016 2916 iscnyrionis
1036 2837 1091 2898 lin.
1108 2847 1150 2902 16.
1167 2846 1211 2903 29.
1245 2839 1281 2898 In

142 2943 204 3004 qua
215 2943 275 2982 non
291 2909 467 3000 όντίφρασις
481 2923 576 2995 inest,
589 2920 644 2981 sed
661 2924 836 2984 exteriore
851 2922 983 2984 lectione
998 2921 1174 3002 περίφρασις
1189 2944 1280 3004 quae·

141 3008 211 3068 dam
232 3027 339 3088 „aqua
353 3009 479 3068 fontana
493 3007 723 3085 temperastis.“
762 3005 943 3088 Corruptum
957 3003 1120 3084 ἐμεθόοοιτε
1136 3009 1282 3070 Dnebnc-

141 3113 191 3155 rus
204 3113 243 3152 ex
257 3091 331 3152 GlP.
344 3092 375 3153 in
384 3084 523 3170 ἒβλόσοιτε
534 3091 643 3151 mutari
649 3092 751 3170 jussit.
774 3091 977 3168 Probabilius,
990 3094 1048 3155 nisi
1061 3093 1160 3168 fallor,
1174 3084 1282 3170 ἔμεθη-

141 3193 209 3236 σακε
226 3178 349 3256 scripsi,
365 3177 417 3258 qui
431 3177 565 3238 recentis
581 3174 767 3238 Graecitatis
783 3179 912 3239 coriatus
935 3198 953 3237 a
967 3177 1094 3256 μεθίημι
1109 3180 1283 3240 sententiae

141 3263 317 3342 interpretis
336 3264 525 3361 aptissimus,
545 3262 597 3342 qui
618 3282 685 3322 cum
700 3262 866 3323 Amaranto
891 3257 1173 3342 διεκραντόσατε
1188 3281 1280 3321 accc·

141 3350 187 3428 pit
208 3367 263 3429 pro
281 3340 436 3430 όνεηιξατε.
472 3346 524 3407 Ad
550 3346 680 3407 eandem
703 3347 986 3427 interpretationem
1001 3348 1085 3408 locus
1100 3346 1281 3406 Homericos

141 3434 292 3513 pertinet,
317 3452 412 3512 quare
434 3431 530 3494 verbe
549 3420 751 3512 dionysiacos
773 3433 804 3492 in
826 3429 927 3493 Geni·
951 3441 1037 3492 recte
1060 3431 1184 3504 desunt,
1202 3449 1282 3510 quae

142 3539 182 3580 ex
196 3517 247 3578 (11.
263 3517 461 3598 irrepserunt.
499 3517 536 3578 Ia
552 3537 644 3579 verso
659 3517 822 3598 Homerico
847 3512 879 3576 δὲ
892 3507 991 3593 θύρας
1005 3516 1150 3596 scriptum
1170 3535 1209 3576 ex
1222 3513 1280 3576 Od.

141 3623 176 3678 α,
192 3611 245 3666 136
260 3601 427 3664 aliorumve
445 3602 580 3664 locorum
596 3604 911 3678 memoria,1monente
929 3600 1105 3662 Duebnero.

206 3720 248 3732 -
263 3685 333 3748 lin.
352 3698 394 3752 18.
435 3687 558 3748 Priores
585 3688 851 3768 interpretationes
880 3683 919 3746 ad
945 3677 1165 3764 διυκρανόοατε
1189 3685 1282 3766 perti·

141 3781 230 3845 nent,
249 3769 288 3832 ad
304 3763 441 3852 καρανόω
457 3771 595 3834 relatum.
1343 3769 1346 3780 ⁴

205 3857 268 3919 Vs.
284 3868 344 3922 155.
364 3865 430 3932 156,
447 3859 513 3918 lin.
532 3869 573 3921 11.
604 3859 674 3920 Non
691 3856 856 3934 λικμᾶυθαι
875 3855 985 3918 dicitur
1001 3855 1056 3918 sed
1072 3854 1191 3934 λικμᾶν.

205 3975 247 3987 ·-
263 3942 331 4004 lin.
348 3952 391 4006 11.
429 3940 545 4020 „Quod
573 3942 627 4003 elii
652 3931 708 4018 τὴν
725 3941 873 4020 θρίνακα,
897 3952 1002 4004 noster
1025 3943 1206 4004 scholiastes
1229 3929 1284 4017 την

141 4018 296 4104 θρινόκην
322 4034 420 4087 vocat.
467 4027 557 4106 Quae
583 4028 680 4088 forma
704 4027 798 4088 luerit
822 4026 1068 4089 Alexandrina.“
1092 4028 1209 4108 Toup.
1243 4061 1284 4072 -

141 4107 338 4188 „Kcrttlsvro
354 4123 525 4194 corruptum
540 4121 603 4191 est,
621 4113 689 4173 sort.
708 4108 901 4190 suscitasse,
915 4113 979 4172 ubi
1001 4122 1089 4191 post
1111 4132 1218 4173 nsum
1240 4109 1284 4169 de

142 4197 318 4280 mapibus
335 4201 519 4278 ponunt.“
542 4193 690 4258 Ducbn'.
721 4196 803 4258 Ante
821 4201 921 4273 Tporr.
937 4197 1077 4276 Τουρίαν
1096 4189 1285 4272 Σοφοκλέους

142 4280 279 4363 suppleri
293 4282 402 4360 jussit,
427 4284 582 4344 sententia
609 4291 710 4343 tamen
732 4303 794 4344 non
820 4281 981 4343 illustrata.
1021 4279 1136 4340 Contra
1157 4277 1284 4338 Geelius

141 4357 226 4425 class
253 4368 285 4427 in
314 4359 394 4444 εἶχον
420 4369 529 4429 mutari
552 4367 651 4428 voluit
678 4368 795 4446 „hujus
821 4369 911 4429 moris
935 4375 1089 4427 auctorem
1113 4363 1286 4424 habuerunt

142 4451 402 4530 Triptolemum‘t
428 4453 585 4533 ingeniose
605 4451 713 4530 judice
734 4453 912 4515 Dnebnero.
949 4450 1101 4510 Faciliore
1119 4449 1285 4510 mutatione

144 4535 252 4624 seripsi
268 4527 368 4615 εἶκον,
386 4538 405 4600 i.
424 4559 449 4598 e.
471 4559 593 4600 cansam
611 4534 702 4616 liujus
719 4538 807 4600 moris
823 4558 842 4596 a
856 4536 1046 4618 Triptolemo
1063 4534 1254 4599 derivabant.
