2968 5060
263 402 400 452 LXXVIII
724 396 932 446 PRAEFATIO.

351 552 476 618 Addidi
493 553 591 616 etiam
614 552 723 616 varias
747 551 921 630 lectiones,
945 551 1081 635 quaein
1098 548 1240 613 Scholiis
1263 571 1413 614 comme-

263 669 448 742 morantur,
467 659 587 746 partim
612 659 710 721 etiam
734 659 872 744 quaein
894 655 1038 738 Glossis,
1070 655 1188 720 deiude
1211 656 1410 720 lemmatum

265 792 339 835 cum
359 767 423 831 fids
443 766 619 829 relatorum
636 763 805 849 (Gailiana
819 772 903 827 teste
917 761 1095 827 Duebnero
1111 762 1202 826 nulla
1217 763 1285 828 fide
1301 763 1409 848 digna

267 885 358 957 sunt,
381 893 487 959 neque
507 870 576 935 fere
598 873 719 934 maiore
741 867 991 950 Gaisfordiona)
1015 869 1209 934 varietatem
1224 869 1406 934 notabilia

265 1005 352 1064 rem3
370 987 535 1066 postremo
555 974 746 1062 plerumque
769 975 974 1041 scholiorum
999 983 1032 1040 et
1052 973 1249 1040 Glossarum
1273 995 1334 1040 eas
1355 977 1404 1038 in-

264 1085 516 1175 terpretationes
542 1083 768 1167 apposuimus,
795 1082 915 1170 quibus
944 1081 1101 1146 lectiones
1129 1084 1163 1147 in
1187 1083 1404 1169 paucissimis

265 1197 357 1262 libris
378 1197 527 1256 servatae
550 1184 603 1252 vel
622 1187 809 1254 coniectura
828 1189 996 1254 divinatae
1011 1189 1253 1254 confirmantur.
1282 1187 1401 1254 Serra-

263 1303 372 1368 vimus
395 1298 430 1360 in
450 1293 502 1358 his
526 1291 611 1377 sigla
632 1289 835 1359 Scholiorum
866 1319 886 1360 a
905 1293 1015 1360 Gailio
1042 1302 1075 1357 et
1096 1293 1278 1358 Duebnero
1305 1317 1399 1359 usur-

262 1414 355 1496 pata,
385 1410 545 1490 quatenus
574 1421 649 1464 curn
675 1402 797 1464 nostris
824 1401 973 1466 codicum
999 1399 1092 1484 siglis
1125 1402 1318 1487 conspirant
1350 1403 1397 1488 (in

264 1511 404 1578 Sclroliis
426 1507 596 1572 Vaticanis
620 1506 787 1570 omisimus
820 1513 884 1572 Vol.
906 1507 1050 1572 numeris
1069 1507 1217 1570 codicum
1240 1508 1397 1594 praemis-

264 1616 368 1702 sum),
399 1615 457 1680 sed
485 1611 641 1700 praefixis
663 1617 722 1677 Sclr
750 1618 803 1677 vel
828 1620 880 1687 Gl‚·
910 1613 960 1678 his
988 1635 1066 1678 vero
1093 1611 1236 1676 litteram
1263 1620 1276 1676 l
1303 1633 1396 1700 prae-

262 1725 429 1804 misimus,
457 1718 515 1785 ubi
542 1719 653 1806 aliqua
684 1717 872 1786 lemmatum
907 1719 1004 1785 lectio
1037 1727 1326 1800 commemoratur,
1360 1729 1396 1783 ut

263 1835 365 1896 tacta
391 1859 436 1888 =
463 1836 568 1892 lemma
593 1830 776 1890 Sabellarum
798 1833 908 1893 codicis
926 1833 957 1893 Ιι.
1002 1825 1394 1892 promerueramus

263 1943 350 2003 teau.
367 1935 567 2022 scripsimus.
597 1933 707 1998 Pauca
723 1932 808 2017 sigla
822 1933 922 2018 vulgo
942 1941 1101 2021 usurpata
1118 1930 1278 1994 mutanda
1290 1938 1392 2013 erant,

263 2067 304 2110 ne
322 2065 396 2108 curu
418 2041 566 2107 codicum
590 2039 683 2124 siglis
706 2039 941 2126 discreparent.
986 2038 1059 2120 Quo
1080 2038 1247 2125 pertinent
1270 2039 1391 2125 praeci·

262 2172 326 2238 pue
350 2149 439 2236 (nam
461 2146 588 2234 reliqua
609 2143 773 2231 apertiora
793 2145 883 2226 sunt)
907 2148 987 2210 Sem.
1009 2167 1068 2233 pro
1091 2149 1224 2208 Scluat
1248 2149 1312 2208 Glr.
1334 2167 1391 2231 pro

261 2263 355 2322 Lacr.
398 2253 465 2318 Ubi
487 2253 581 2338 plura
598 2249 729 2314 Scholia
749 2247 802 2315 vel
818 2249 956 2316 Glosaae
978 2250 1075 2315 simul
1090 2259 1391 2332 commemorantur,

262 2361 388 2425 litteras
403 2362 463 2421 Sela
484 2356 537 2421 vol
558 2363 596 2418 Gl
609 2354 670 2418 soli
683 2356 789 2441 primo
808 2357 890 2442 siglo
905 2356 1127 2444 praefiximus,
1143 2365 1180 2420 ut
1195 2361 1389 2422 Smerden.

261 2465 316 2531 vel
340 2468 447 2528 GIMP.
476 2499 518 2510 —
540 2460 741 2526 Varietatem
763 2463 912 2528 lectionis
935 2467 970 2528 in
996 2463 1075 2528 locis
1100 2462 1189 2551 apud
1210 2462 1294 2527 alios
1316 2462 1389 2527 scri·

262 2580 373 2659 ptores
395 2567 504 2632 allatis
528 2567 562 2630 in
583 2565 660 2631 Var.
673 2551 765 2633 Lect.
787 2568 856 2635 fere
877 2570 1062 2654 attulimus,
1086 2571 1145 2636 ubi
1166 2592 1209 2636 ex
1230 2571 1314 2657 ipsis
1334 2569 1388 2634 bu-

263 2674 374 2741 colicis
397 2671 490 2738 libris
514 2693 664 2736 manasse
683 2674 825 2740 videtur.

351 2781 619 2847 Coniecturarum
643 2783 678 2845 in
691 2789 816 2845 textum
838 2790 1040 2870 recepturum
1056 2792 1205 2848 auctores
1223 2804 1321 2870 quarn
1343 2805 1388 2848 re-

263 2888 474 2974 ligiosissime
501 2887 663 2972 indicavi,
693 2887 766 2968 sed,
794 2887 851 2952 ubi
877 2887 986 2974 plures
1009 2888 1147 2952 eandem
1175 2890 1389 2976 protulerunt,

260 2995 452 3081 plerumque
476 3015 550 3058 eum
569 2993 674 3060 solum
699 2994 876 3077 nominavi,
900 2997 956 3082 qui
972 2997 1095 3081 primus
1110 2994 1290 3081 evulgavit.
1319 2997 1389 3061 Hoc

262 3123 341 3166 vero
357 3099 576 3165 distinctionis
591 3098 673 3182 feci,
697 3107 733 3165 ut
755 3101 883 3185 integro
904 3102 1009 3165 critici
1029 3103 1161 3166 nomine
1177 3111 1252 3188 post
1275 3103 1390 3168 lemma

262 3208 369 3297 posito
395 3205 575 3275 indicarem
604 3207 824 3272 coniecturam
852 3206 895 3270 ab
921 3229 960 3273 eo
979 3210 1015 3273 in
1039 3211 1125 3274 notia
1144 3209 1200 3276 vel
1223 3210 1289 3275 alio
1312 3233 1388 3297 quo-

263 3317 338 3382 dam
357 3314 430 3380 loco
450 3314 633 3402 popositam
651 3335 741 3398 esse,
763 3313 956 3381 abbreviato
974 3337 1053 3379 vero
1070 3337 1141 3380 eam
1158 3317 1200 3380 ab
1221 3320 1294 3403 ipso
1316 3339 1389 3382 con-

262 3425 382 3487 iectore
410 3422 446 3486 in
474 3429 601 3487 textum
629 3429 793 3510 receptam
820 3443 902 3486 esse.
958 3420 1049 3502 Quas
1077 3422 1281 3488 coniecturas
1309 3424 1388 3489 mibi

261 3529 332 3613 ipse
353 3525 520 3591 invenisse
542 3529 635 3592 visus
654 3549 740 3609 sum,
767 3527 867 3591 tacite
895 3526 1041 3591 indicavi
1062 3549 1100 3593 ea
1121 3527 1276 3613 lectione,
1303 3530 1388 3594 unde

262 3633 410 3718 proxime
431 3630 565 3712 absunt,
586 3639 660 3716 post
678 3632 784 3718 ipsum
808 3633 927 3698 lemma
943 3634 1060 3718 posita.
1096 3633 1309 3700 Coniecturae
1323 3657 1387 3701 non

262 3745 409 3823 receptas
422 3737 457 3800 in
469 3734 546 3801 Var.
565 3735 655 3800 Lect.
679 3739 796 3823 partim
820 3740 1079 3823 commemoravi,
1104 3740 1133 3804 si
1153 3763 1237 3827 quae
1259 3743 1386 3806 lectioni

262 3849 413 3928 receptae
431 3861 474 3904 ox
493 3849 585 3927 parte
603 3841 801 3926 praeissent,
824 3845 941 3931 partim
971 3848 1000 3910 si
1028 3868 1111 3933 quae
1133 3845 1319 3934 probabiles
1340 3849 1386 3914 vi-

263 3967 319 4011 sae
342 3955 418 4011 sunt
438 3968 543 4032 neque
562 3955 671 4010 tamen
691 3951 908 4036 recipiendae.
954 3949 1007 4014 Ex
1029 3950 1080 4016 his
1104 3973 1229 4040 paucae
1253 3953 1384 4018 aliorum

262 4053 446 4118 criticorum
469 4061 561 4134 sunt,
584 4072 684 4138 quum
701 4053 815 4121 borum
838 4056 1074 4145 probabiliores
1096 4063 1299 4126 coniecturas
1319 4061 1384 4125 fere
1469 4083 1473 4092 “

262 4160 466 4246 recipiendas
486 4159 652 4244 duxerim3
678 4160 718 4224 de
740 4159 814 4224 aliis
837 4171 1089 4228 commemoratu
1112 4164 1222 4250 dignis
1244 4165 1383 4232 inAdn.

261 4266 340 4332 (lrit.
364 4265 595 4351 disputabitur.

346 4371 380 4455 4)
407 4375 581 4436 Testimonia
602 4375 678 4458 (quo
697 4374 827 4438 nomine
854 4371 1027 4457 designavi
1054 4373 1274 4439 bucolicorum
1300 4375 1382 4442 locos

259 4475 301 4542 ab
324 4475 397 4540 aliis
420 4476 634 4563 scriptoribus
654 4476 784 4563 allatos)
805 4499 869 4542 non
892 4475 996 4542 solum
1015 4499 1054 4542 ea
1075 4481 1110 4543 in
1131 4499 1231 4544 unum
1252 4503 1380 4568 conspe·
