2968 5060
224 405 289 454 vul
680 396 891 446 omnmo.

227 574 276 622 lx.
305 556 398 642 (olim
426 552 564 616 Theocr.
596 568 684 616 xxu.
713 552 813 638 xxv.)
843 549 1079 615 vaticanorum
1106 549 1140 612 in
1174 547 1243 614 solo
1278 567 1362 612 nono

227 671 357 742 extare,
380 681 480 746 quum
501 657 615 724 eadem
633 656 668 723 in
690 659 765 722 Vat.
790 669 835 722 11.
856 655 923 740 logi
951 660 1090 720 constet.
1120 653 1252 718 Deinde
1266 649 1362 716 Gais-

228 765 354 834 t'ordius
382 773 414 829 et
439 763 719 830 Wordsworthius
749 771 929 844 testantur,
964 759 1111 826 codicem
1138 763 1175 822 Z.
1202 779 1223 822 a
1247 755 1364 820 sanet-

227 871 366 936 amando
393 870 436 936 ad
466 870 536 935 Ino.
560 887 598 934 11.
627 887 679 934 111.
706 887 741 934 v.
774 868 927 934 collatum
960 889 1044 932 esse.
1093 866 1162 932 Neo
1189 864 1305 927 mirum
1333 860 1363 925 si

226 976 356 1044 codices
382 986 449 1042 tam
469 987 618 1042 recentes
639 985 672 1042 et
694 975 870 1040 mendosos
894 975 1041 1058 integros
1065 971 1212 1038 oensem
1232 977 1363 1032 taesnm

227 1085 280 1150 sit.
324 1084 482 1148 Dubitari
505 1092 614 1148 autem
636 1089 760 1168 potest,
783 1103 862 1146 num
891 1077 1153 1144 Sanctamandus
1179 1075 1305 1139 Bionea
1328 1081 1365 1136 et

226 1189 379 1256 Moschea
401 1187 595 1276 neglexerit.
627 1185 753 1252 Tacent
773 1187 814 1252 de
832 1186 884 1251 hia
904 1185 1085 1250 Wartonus
1107 1191 1140 1248 et
1158 1180 1364 1246 Wordswor·

226 1297 333 1379 thius,
350 1316 488 1385 quorum
510 1313 610 1382 opera
627 1291 671 1357 ad
691 1293 797 1358 solum
816 1291 1028 1356 Theocritum
1050 1290 1215 1378 pertinuit.
1260 1284 1364 1374 Apud

227 1404 321 1469 illum
343 1423 426 1490 quae
449 1403 484 1466 iu
507 1395 737 1466 collationibus
765 1399 916 1464 codicum
934 1420 969 1479 p.
999 1407 1033 1463 et
1052 1419 1089 1462 a.
1115 1397 1185 1461 loco
1214 1395 1364 1482 ipsarum

227 1511 405 1577 lectionum
429 1505 584 1590 leguntur
610 1505 788 1590 „seqnitur
819 1503 1032 1592 Epitaphium
1059 1502 1172 1571 Bionis
1182 1505 1202 1538 “
1222 1509 1255 1565 et
1282 1521 1364 1582 „se-

229 1619 340 1705 quitur
353 1613 481 1679 Moschi
503 1610 668 1696 Megara“,
690 1611 850 1675 incertum
865 1619 975 1674 utrum
993 1604 1035 1670 ah
1052 1605 1131 1692 ipsis
1150 1606 1363 1672 Sanctaman-

228 1723 270 1788 do
292 1731 325 1786 et
346 1717 494 1784 Salvinio
514 1718 637 1804 scripta
658 1717 724 1780 sint
744 1738 809 1799 an,
832 1716 962 1782 omissis
992 1735 1076 1802 quae
1103 1735 1168 1780 non
1190 1713 1233 1778 ad
1255 1712 1363 1780 Theo-

227 1831 345 1896 critum
370 1825 587 1913 pertinerent,
623 1844 644 1886 a
671 1822 842 1889 Wartono.
894 1821 967 1886 Hoc
993 1830 1102 1886 tamen
1130 1822 1362 1904 verisimilium
1461 1873 1462 1898 ,

228 1955 304 1998 nam
330 1933 365 1996 in
394 1929 522 1996 Glossis
544 1929 778 1994 Laurentianis
806 1951 827 1996 a
856 1928 1004 1994 Salvinio
1029 1927 1202 2014 exscriptis
1230 1928 1362 1996 Warto

228 2063 307 2106 num
332 2039 511 2105 resonuisse
518 2085 528 2120 ,
559 2057 643 2123 qnae
665 2036 804 2102 Bionem
831 2045 865 2102 et
890 2033 1060 2100 hloschnm
1085 2042 1288 2120 spectarent,
1320 2057 1364 2100 ex

228 2149 326 2214 huius
355 2143 565 2210 adnotatione
593 2151 729 2229 apparet
759 2160 781 2207 1.
811 2167 843 2230 p.
874 2143 946 2206 223.
991 2139 1121 2204 Deinde
1149 2139 1362 2206 Gaisfordiua

229 2255 270 2321 ad
293 2253 361 2318 Inc.
387 2268 435 2316 vu
460 2248 552 2336 (olim
578 2248 673 2313 Bion.
695 2249 769 2336 XV.)
798 2245 1103 2314 Sanctamandianis
1130 2243 1362 2314 collationibus

229 2361 377 2428 codicum
407 2369 452 2421 11.
476 2361 521 2420 M.
543 2378 621 2420 usus
651 2363 715 2432 est,
738 2356 783 2420 ad
805 2356 874 2421 Ino.
898 2371 922 2418 1.
951 2353 1043 2440 (olim
1068 2351 1364 2438 Mosch.111.)ali-

228 2467 357 2558 quoties
378 2464 518 2530 advooat
538 2459 684 2526 codicem
707 2460 808 2526 Coisl.
839 2463 1042 2550 (V.),que1n
1066 2462 1176 2548 potius
1198 2463 1229 2526 7.
1251 2461 1363 2549 appel·

229 2574 345 2655 lasset,
366 2571 395 2634 si
417 2591 473 2633 eas
488 2568 645 2633 lectiones
659 2567 823 2634 Dorvillio
841 2568 992 2650 deberet3
1014 2588 1120 2655 neque
1137 2569 1269 2633 omnino
1288 2591 1363 2634 eum
1460 2603 1461 2638 t

229 2679 355 2768 adhoc
379 2697 509 2740 carmen
531 2673 686 2740 Dorvillii
715 2673 946 2741 collationibus
975 2697 1071 2740 usum
1100 2695 1173 2738 esse
1207 2675 1242 2739 in
1268 2679 1302 2757 ξ.
1332 2678 1362 2740 2.
1460 2695 1461 2748 ;

229 2784 429 2854 docebimus.
475 2780 569 2862 Quae
591 2801 691 2867 quum
714 2781 761 2844 ita
783 2781 863 2865 sint,
884 2781 1120 2868 persuademus
1137 2780 1232 2844 nobis
1247 2781 1363 2847 Sanct-

229 2891 404 2958 amandum
429 2887 564 2952 Bioneis
592 2895 626 2950 et
653 2884 817 2952 Moscheis
844 2911 911 2954 non
940 2888 1048 2953 minus
1077 2907 1176 2952 curae
1203 2887 1362 2955 tribuisse

229 3019 329 3086 quam
350 2993 570 3076 Theocriteis,
592 3013 780 3078 quanquam
802 2993 843 3058 de
868 2994 934 3060 illis
956 3017 998 3058 ne
1021 2993 1110 3082 apud
1131 2995 1269 3058 Conium
1291 2997 1362 3083 qui-

229 3101 304 3166 dem
324 3099 503 3187 quidquam
524 3107 700 3186 comparet.

313 3206 384 3270 Iam
408 3205 587 3270 Wartonus
608 3225 650 3268 ex
672 3204 723 3270 his
745 3207 849 3293 copiis
877 3227 918 3272 ne
938 3205 1039 3272 verbo
1066 3205 1197 3293 quidem
1224 3209 1362 3272 mentio-

227 3337 302 3380 nem
325 3313 406 3378 fecit
427 3312 636 3378 collationum
651 3312 891 3395 Parisinarum,
913 3313 1042 3378 itineris
1063 3313 1206 3378 Parisini
1228 3315 1362 3380 unicum

230 3421 374 3486 fructum
398 3417 654 3484 commemorans
685 3418 906 3504 Anthologiao
943 3418 1056 3484 Const.
1086 3416 1250 3505 Cephalao
1284 3443 1361 3507 apo-

229 3525 389 3612 graphum
411 3523 519 3588 Praei.
544 3545 576 3609 p.
599 3540 645 3588 Ν.
691 3525 846 3590 Consulto
869 3526 979 3590 omisit
1001 3525 1191 3590 collationes
1211 3526 1361 3592 codicum
1459 3577 1460 3606 ,

228 3655 255 3696 r.
277 3643 298 3694 t.
341 3627 483 3694 Protulit
502 3637 679 3714 separatas,
694 3639 731 3695 ut
749 3630 908 3695 extabant
929 3631 965 3696 in
986 3629 1134 3718 reliquiis
1149 3631 1361 3698 Sanctaman·
1459 3635 1460 3678 l

230 3737 356 3802 dionis:
390 3735 423 3822 1)
446 3733 652 3800 collationem
683 3736 806 3801 codicia
829 3757 882 3819 μ,
912 3739 946 3824 2)
977 3735 1183 3803 collationem
1211 3738 1361 3804 codicum

229 3866 255 3908 o.
278 3865 314 3907 m.
336 3841 575 3924 Sabinianum,
593 3843 627 3929 3)
651 3841 808 3930 Syllogen
830 3843 993 3927 eiusdem,
1024 3848 1056 3927 4)
1077 3842 1285 3910 collationem
1310 3865 1361 3907 oo-

229 3949 313 4014 diois
335 3959 383 4011 14.
428 3945 660 4014 Vaticanorum
690 3948 848 4014 tredecim
873 3950 1049 4036 lectiones,
1075 3947 1117 4013 ab
1144 3951 1216 4038 ipso
1245 3949 1360 4014 Sanct—
1459 3969 1460 4008 t

228 4053 369 4120 amando
392 4054 427 4118 in
449 4073 548 4117 unum
573 4065 783 4143 conspectum
810 4057 976 4140 redactas,
1004 4058 1258 4145 perversissimo
1285 4079 1359 4122 cou-

229 4161 302 4226 silio
323 4159 427 4224 edidit
448 4161 578 4225 omissis
598 4159 756 4228 librorum
778 4165 871 4251 siglis
878 4214 888 4247 ,
917 4186 999 4253 quas
1021 4162 1114 4232 illum
1132 4162 1286 4250 religiose
1304 4185 1362 4250 ap·

227 4268 376 4355 posuisse
410 4274 561 4354 apparet,
602 4267 643 4332 do
673 4269 874 4354 singulorum
903 4263 1100 4332 lectionibus
1130 4270 1299 4334 rarissime
1326 4269 1360 4331 in

225 4373 320 4439 Notis
342 4381 491 4440 testatus.
538 4371 641 4438 Cuius
669 4377 772 4462 partis
801 4375 911 4441 nullus
940 4374 1009 4438 fere
1033 4373 1159 4440 fructus
1188 4384 1238 4440 est
1266 4395 1362 4462 prae·
1458 4379 1459 4404 ¹

225 4489 372 4568 terquam
398 4483 433 4547 in
460 4480 502 4548 iis
526 4480 668 4568 idylliis,
698 4480 755 4544 ubi
790 4481 888 4546 unius
921 4482 1023 4548 solius
1052 4481 1176 4548 codicis
1207 4473 1358 4552 vaticani
1458 4507 1459 4565 ξ
