2946 5046
202 399 312 448 hxvm
503 394 509 404 '
670 393 879 444 Paanrsrlo.

202 568 423 634 Valckenario
442 575 475 631 et
494 565 709 631 Boissonadio
732 565 904 650 evulgatas
926 565 1124 630 Duebnerus
1147 565 1362 651 neglexerat,

203 671 299 740 simul
319 669 386 735 illis
410 667 543 734 scholiis
565 678 599 732 et
621 667 741 752 glossis
763 670 798 735 in
819 676 946 732 textum
970 670 1126 755 receptis,
1150 689 1234 755 quae
1262 668 1363 732 idem

202 779 236 839 iu
258 772 481 838 Adnotatioue
503 778 664 858 posuerat
710 768 834 834 Contra
862 769 986 834 scholia
1016 779 1050 833 et
1076 771 1206 856 glossas
1235 771 1269 834 iu
1294 771 1364 856 Sy-

202 877 329 960 ringem
351 881 384 937 et
406 869 645 956 Calliergiauas
667 871 887 957 praefationes
910 870 952 935 ad
972 871 1163 958 Syringenr,
1184 869 1361 952 Securem,

202 979 305 1098 pram
333 974 478 1061 recipere
499 974 604 1054 nolui,
632 973 710 1058 quie
735 971 965 1061 plerorumque
983 971 1170 1060 exemplum
1194 983 1361 1060 sequmus

203 1095 292 1166 ipsae
312 1095 417 1160 nugas
439 1072 514 1138 illas
534 1073 743 1138 aTheocrito
764 1074 983 1139 alienissimae
1000 1084 1168 1161 poetarum
1188 1073 1361 1140 bucolico·

202 1201 275 1246 rum
301 1176 448 1262 reliquiis
477 1173 598 1238 addere
628 1195 693 1238 nou
718 1174 871 1260 diguatus
898 1197 990 1258 sum3
1019 1167 1139 1262 glossis
1161 1179 1196 1240 in
1220 1197 1361 1240 carmen

203 1279 479 1346 Anacreonticum
495 1277 542 1351 εἰς
557 1267 681 1360 νεκρὸν
695 1267 843 1340 ’Ἄδωνιν
862 1275 967 1341 locum
986 1280 1152 1362 concessi,
1170 1299 1270 1364 quum
1293 1276 1361 1340 hoc

203 1383 309 1468 ipsum
330 1380 364 1444 in
385 1376 576 1464 Appendice
598 1377 775 1442 voluminis
796 1379 894 1466 primi
911 1388 1059 1464 repetere
1072 1377 1263 1467 placuisset.
1299 1377 1359 1442 Ex

205 1481 338 1548 scholiis
361 1478 547 1566 idylliorum
569 1499 647 1543 vere
665 1478 931 1545 Theocriteorum
954 1500 1010 1556 ea,
1034 1483 1169 1566 quaein
1192 1481 1285 1545 libris
1304 1503 1358 1546 re·

203 1581 400 1650 certissimis
431 1579 535 1645 Gen*
562 1602 587 1644 r.
612 1579 650 1644 Z.
675 1601 718 1643 ex
738 1579 840 1644 Suida
862 1583 1031 1669 exscripta
1054 1581 1226 1666 leguntur,
1247 1582 1357 1662 omisi,

204 1685 263 1750 sed
282 1693 318 1748 ut
336 1705 378 1748 ex
400 1681 478 1746 Var.
501 1681 592 1746 Leet.
617 1683 697 1746 satis
715 1690 887 1768 appareat,
906 1683 985 1767 quid
1006 1680 1082 1747 libri
1098 1682 1253 1748 habeant.
1281 1682 1357 1747 Nec

205 1787 312 1850 minus
336 1784 518 1869 glossarum
551 1782 712 1847 delectum
735 1781 835 1848 habui
859 1783 1026 1848 Duebueri
1050 1782 1237 1870 exemplum
1260 1805 1357 1849 secu·

204 1897 271 1968 tus,
298 1885 357 1950 sed
385 1885 452 1949 alia
474 1905 589 1949 norma
611 1907 700 1949 usus.
745 1883 849 1949 Omisi
872 1885 958 1948 enim
982 1907 1025 1948 ex
1048 1887 1169 1969 glossis
1192 1885 1358 1950 Parisiuis

205 2011 225 2052 a
242 1986 351 2052 Gsilio
372 1985 508 2074 prolatis
523 2005 589 2050 non
611 1986 715 2050 solum
737 1984 932 2068 vilissimas,
951 2008 1036 2074 quae
1050 1987 1238 2052 notissimas
1254 2008 1357 2052 voces

205 2101 238 2155 et
260 2089 381 2154 formas
413 2089 668 2174 interpretantur
696 2086 833 2174 (relictis
851 2096 963 2152 ⁴tenren
986 2090 1045 2173 iis,
1073 2089 1131 2154 ubi
1160 2089 1357 2175 interpreta-

206 2193 313 2256 tiones
345 2187 506 2255 vocabula
541 2187 803 2274 graecobarbara
833 2197 946 2254 notatu
978 2189 1079 2275 digua
1107 2189 1262 2270 habent),
1296 2189 1359 2253 sed

206 2293 304 2358 etiam
328 2290 453 2378 aliquot
474 2290 744 2372 absurdissimas,
767 2289 881 2377 quales
902 2292 1107 2377 potissimum
1131 2292 1165 2355 in
1189 2290 1227 2354 C.
1250 2290 1291 2354 K.
1318 2290 1357 2354 Ρ.

206 2401 411 2480 comparent,
435 2391 552 2456 deinde
573 2391 746 2478 plerasque
767 2391 895 2477 glossas
916 2391 1052 2456 Latinas
1073 2392 1213 2458 Graecis
1235 2391 1359 2457 litteris

206 2497 362 2582 scriptas,
386 2495 480 2578 cujus
503 2493 634 2576 generis
656 2492 775 2557 inultas
797 2491 1074 2558 Wordsworthius
1102 2515 1146 2558 ex
1168 2493 1257 2558 Bou.
1280 2515 1358 2582 pro·
1468 2535 1472 2548 ·

204 2595 296 2676 tulit,
317 2593 441 2680 aliquot
462 2615 505 2658 ex
527 2617 552 2658 r.
572 2594 763 2676 Wartouns3
786 2603 950 2680 postremo
966 2594 1156 2682 plerasque,
1176 2597 1359 2682 praecipue

206 2717 249 2760 ex
263 2717 289 2758 r.
299 2743 307 2776 ,
330 2716 414 2781 quae
428 2695 536 2780 potius
552 2697 662 2760 varias
684 2696 840 2760 lectiones
856 2717 951 2782 quarn
973 2698 1261 2783 interpretationes
1278 2719 1358 2761 con·
1471 2751 1472 2770 ,

205 2798 320 2861 tinent.

291 2899 325 2980 2)
365 2895 408 2962 Ut
428 2919 515 2961 nunc
534 2919 586 2962 res
609 2909 659 2962 est
679 2899 810 2984 optimis
830 2897 923 2964 libris
946 2919 1060 2986 parum
1079 2909 1232 2964 accurate
1256 2898 1358 2964 colla-

206 2999 265 3078 tis,
288 2997 358 3062 lieri
381 3019 445 3063 uon
468 3000 573 3084 potuit
591 3001 669 3086 quin
692 2999 792 3064 editio
817 2999 1040 3086 Calliergiaue
1057 3022 1116 3088 pro
1139 2999 1359 3076 fundamento

205 3100 407 3165 recensionis
436 3101 639 3165 retineretur.
684 3100 801 3188 Itaque
831 3103 987 3188 primum,
1022 3101 1197 3188 diligenter
1231 3123 1357 3167 cavens

205 3223 247 3266 ne
269 3199 348 3289 quid
370 3223 413 3265 ex
436 3223 475 3265 ea
495 3200 750 3285 desideraretur,
783 3225 822 3268 ea
842 3206 971 3290 integra
992 3203 1145 3269 revocavi
1168 3225 1253 3291 quac
1276 3205 1355 3268 inde

113 3310 117 3319 “
206 3305 248 3370 ab
278 3303 342 3369 Ox.
374 3321 398 3368 1.
426 3303 547 3368 omissa
574 3302 627 3367 vel
655 3313 807 3369 truncata
836 3313 944 3386 erant,
975 3305 1253 3393 praefatiunculas
1279 3305 1354 3370 dico

206 3404 409 3493 singulorum
432 3405 608 3468 carminum
632 3405 765 3470 scholiis
779 3410 978 3493 praemissas
992 3416 1025 3471 et
1041 3408 1195 3472 lemmate
1212 3407 1352 3472 scholio·

206 3529 295 3590 rum,
316 3508 434 3596 partim
457 3507 554 3570 etiam
573 3507 716 3590 ipsorum
736 3506 929 3572 scholiorum
949 3509 1051 3574 verbe
1067 3508 1244 3595 quaedam,
1267 3529 1352 3595 quae

208 3608 292 3672 male
328 3609 515 3673 lemmatum
550 3607 620 3672 loco
654 3607 765 3673 habite
798 3619 921 3688 esseut,
955 3611 1021 3675 vid.
1046 3615 1077 3692 ξ.
1109 3615 1135 3674 1.
1165 3610 1208 3674 de
1233 3609 1299 3676 Ox.
1329 3627 1350 3676 1.

208 3709 337 3774 Deinde
360 3709 507 3774 ordinem
531 3707 727 3774 scholiorum
754 3709 1010 3797 Calliergiauum
1032 3712 1085 3777 vel
1107 3712 1236 3777 servavi
1259 3711 1352 3776 vela

208 3808 353 3876 Sculteto
382 3812 499 3876 aliisve
527 3797 625 3876 tacite
653 3819 811 3875 mutatum
837 3815 985 3898 restitui3
1009 3816 1037 3878 si
1068 3813 1198 3902 quando
1220 3823 1351 3878 nostrae

208 3912 362 3978 editionis
383 3914 528 3977 rationes
555 3913 697 3999 aliquam
718 3915 1006 4001 transpositionem
1027 3915 1229 4002 flagitarent,
1251 3916 1292 3980 de
1314 3939 1351 3978 ca
1467 3917 1468 3960 ἴ

100 4019 101 4024 ’
206 4035 243 4079 re
272 4015 307 4077 in
331 4012 430 4078 Varia
451 4013 608 4079 Lectione
631 4023 781 4078 accurate
803 4017 924 4081 monui.
970 4015 1192 4104 Quaecunque
1215 4015 1350 4082 Callicr-

207 4115 314 4202 gianis
344 4137 387 4180 ex
418 4115 586 4182 codicibus
624 4125 848 4200 accesserunt,
885 4117 1098 4183 semicirculis
1135 4120 1352 4204 circumsepta

209 4226 301 4298 aunt,
324 4219 471 4303 exceptis
490 4215 680 4304 plerumque
703 4218 843 4302 singulis
864 4218 993 4302 verbis,
1019 4219 1139 4304 quibus
1161 4210 1243 4285 Call.
1267 4221 1353 4285 male

208 4327 318 4400 caret3
348 4317 389 4382 de
419 4317 561 4382 histum
589 4320 625 4382 in
653 4317 731 4382 Ver.
761 4318 851 4384 Lect.
883 4320 1005 4385 dictum
1032 4329 1092 4386 est.
1137 4321 1176 4384 ln
1208 4321 1353 4404 scholiis,

94 4407 98 4416 ⁴
208 4439 293 4504 quae
315 4439 336 4480 a
356 4417 439 4482 Call.
463 4418 599 4500 absunt,
625 4419 859 4484 interserendis
882 4421 1040 4507 locorum,
1064 4421 1162 4510 uhia
1190 4421 1350 4489 Wartono
