2946 5046
554 403 762 454 Pssuusulo.
1166 401 1226 450 nx!

78 585 106 640 ct
124 573 273 641 SchRec.
299 578 474 664 ambiguis
498 561 664 663 leguntur,
697 575 826 641 codices
852 575 1058 662 potissimum
1086 573 1158 639 dico
1180 574 1224 640 M.
1271 655 1275 666 Ι

80 678 111 742 P.
141 677 181 758 Q.
206 678 323 744 Gen.¹·
355 691 390 744 et
417 679 592 744 editionem
622 677 884 762 Calliergisnpm.
929 676 983 740 Ex
1013 676 1066 740 bis
1095 685 1227 764 propter

79 783 211 868 ipsorum
234 779 395 846 indolem
419 780 550 846 scholiis
566 779 799 846 vetustioribus
814 778 991 865 adscripsi,
1015 798 1227 864 quaecunque

78 903 111 944 ex
129 880 197 944 solo
222 881 263 944 Ρ.
292 883 425 946 tradita
445 892 519 946 sunt
541 891 577 947 ut
605 907 636 970 p.
661 887 700 946 55
708 931 716 964 ,
739 883 893 962 4-116,
917 883 962 962 ll.‚
985 887 1099 944 contra
1118 901 1226 944 recen-

74 969 225 1064 tioribue,
249 1005 347 1070 quae
368 1005 412 1048 ex
433 1005 497 1048 uno
520 983 576 1066 Q,
599 993 737 1071 excepto
760 981 883 1048 scholio
902 1005 933 1068 p.
957 986 1017 1050 244
1024 1029 1034 1065 ,
1052 985 1100 1046 14.
1108 1029 1117 1064 ,
1140 981 1233 1071 quod,

73 1083 351 1169 praecedentium
368 1087 494 1150 varium
510 1085 681 1150 lectionem
698 1081 851 1150 continet.
894 1083 1024 1148 Scholia
1039 1082 1117 1148 solis
1133 1082 1226 1148 libris

74 1187 111 1250 ll.
132 1183 240 1251 Gen.'·
272 1197 313 1251 et
334 1188 455 1272 partim
476 1185 517 1269 Q.
539 1187 722 1252 communia
738 1185 786 1258 ad
809 1184 952 1250 Schliec.
981 1184 1079 1250 retuli
1100 1193 1137 1249 ut
1156 1183 1226 1248 Tri·
1285 1231 1289 1238 ·

74 1289 165 1353 clinio
187 1289 248 1354 vel
266 1290 348 1376 ejus
367 1288 497 1354 scholae
519 1289 643 1371 debito,
666 1298 893 1376 praeterquam
910 1291 937 1351 si
957 1309 1022 1375 qua
1043 1309 1116 1352 cum
1135 1287 1225 1352 scho-

76 1391 119 1452 liis
141 1391 397 1456 vetustioribus
426 1390 560 1456 aliunde
582 1391 721 1476 cognitis
749 1391 795 1454 ita
816 1391 1019 1477 conspirant,
1047 1398 1083 1454 ut
1112 1388 1225 1455 horum

78 1493 194 1554 variam
218 1493 408 1558 lectionem
438 1495 604 1558 continere
628 1493 803 1558 videantur
823 1490 980 1556 Tricliuio
1001 1492 1226 1578 antiquiorem,

78 1603 109 1655 nt
133 1618 164 1680 p.
200 1598 280 1676 147,
312 1601 338 1658 1.
373 1595 415 1659 cf.
444 1594 543 1660 schol.
575 1615 683 1683 praec.
713 1603 746 1658 ct
771 1618 801 1681 p.
830 1595 908 1676 324,
942 1597 989 1660 17.
1020 1583 1062 1656 cf.
1090 1593 1147 1656 liu.
1177 1597 1225 1656 12.

40 1725 49 1742 ·
82 1694 195 1760 lisdem
220 1717 335 1762 causa
362 1706 468 1763 motus
498 1696 658 1783 quaedam
680 1695 803 1761 scholis
825 1717 868 1761 ex
890 1694 1026 1759 soloM.
1048 1693 1102 1757 vel
1124 1693 1224 1759 Gen*

83 1801 203 1882 cognita
223 1801 321 1864 inter
337 1797 477 1864 SchVet.
500 1800 610 1885 posui,
634 1821 697 1885 quo
720 1807 889 1884 praeterea
907 1795 1032 1883 aliquot
1051 1795 1226 1882 paraphra-

80 1921 124 1962 ses
153 1899 291 1967 codicis
325 1901 371 1964 M.
404 1900 446 1964 ad
477 1899 526 1964 Id.
555 1917 602 1964 xv
636 1923 724 1988 seqq.
756 1900 842 1964 traxi
875 1921 907 1984 p.
943 1902 1022 1981 403,
1060 1900 1226 1973 19-407,

85 2003 257 2084 tit-428,
298 2008 368 2084 ll.‚
403 2004 479 2088 quia
511 2005 725 2068 vetustiorum
754 2003 862 2090 potius
895 1987 1089 2064 scholiorum
1119 2001 1227 2083 specie

81 2114 209 2169 utuntur
231 2126 339 2193 quom
354 2103 646 2188 Tricliniauorum3
667 2101 794 2190 reliqua
815 2102 977 2168 exaltem
1001 2101 1115 2167 horum
1130 2098 1227 2164 libro-

82 2228 147 2270 rum
168 2208 302 2272 tradita
319 2207 503 2272 recentiore
522 2208 595 2272 visa
618 2217 702 2272 sunt.
748 2205 868 2270 Verum
884 2203 970 2267 houd
985 2225 1059 2268 raro
1080 2201 1119 2266 de
1137 2201 1226 2268 scho-
1303 2261 1312 2280 ,

84 2305 131 2371 liis
152 2307 307 2374 illorum*
320 2307 478 2373 librorum
499 2309 533 2372 iu
550 2319 719 2394 utramque
736 2316 861 2395 partem
879 2306 1023 2392 judicari
1040 2325 1150 2391 posse,
1173 2325 1227 2369 ne-

88 2411 157 2473 mini
176 2413 303 2476 mirum
324 2409 500 2476 videbitur.

160 2513 197 2598 4)
235 2511 286 2578 Ut
308 2513 349 2578 de
372 2513 412 2576 iis
434 2511 565 2578 scholiis
588 2521 675 2576 recte
690 2511 872 2598 judicetur,
900 2531 984 2598 quse
1012 2516 1068 2574 aut
1094 2531 1134 2573 ex
1158 2507 1227 2574 sola

88 2611 222 2679 alitione
248 2607 480 2700 Calliergiana‘
494 2615 626 2700 cognita
647 2623 723 2678 suut
750 2622 807 2678 eut
836 2635 900 2678 uno
931 2611 1074 2678 alterove
1096 2633 1138 2677 ex
1160 2609 1225 2676 illis
1244 2677 1247 2693 ,
1287 2611 1290 2618 ’

88 2715 253 2782 codicibus
284 2717 447 2802 ambiguis
470 2715 662 2800 accedente,
692 2727 788 2780 antea
820 2715 861 2780 de
890 2714 1045 2799 Calliergi
1079 2713 1225 2780 fontibus

86 2819 308 2901 quaerendum
327 2828 387 2883 est.
433 2817 497 2898 Qui
520 2839 619 2903 quum
640 2817 676 2881 in
696 2819 802 2904 operis
826 2818 1038 2904 inscriptione
1059 2815 1226 2902 professus

87 2919 125 2981 sit
144 2941 179 2983 se
202 2919 332 2984 scholia
353 2917 390 2984 ἐκ
412 2915 586 3004 διαφόρων
601 2909 818 3002 ἀντιγράφων
841 2920 1028 3004 collegisse,
1053 2917 1117 2982 duo
1140 2916 1225 2980 codi-

87 3041 136 3082 ces
156 3025 266 3108 primo
285 3023 400 3087 obtutu
421 3021 580 3106 distingui
597 3030 743 3107 possunt.
787 3021 841 3085 Ad
860 3023 989 3085 initium
1012 3021 1098 3084 euim
1120 3017 1226 3104 idyllii

87 3125 178 3206 primi
205 3123 393 3210 Calliergus
419 3121 551 3189 scholiis
580 3145 623 3188 ex
650 3123 715 3188 alio
749 3123 927 3210 exemplari
959 3122 1139 3207 desumptis
1165 3117 1228 3182 ali·

89 3228 212 3310 quoties
236 3227 406 3315 praemisit
426 3222 463 3288 ἐν
482 3216 572 3311 ἄλλῳ
596 3245 639 3290 sc.
654 3217 867 3310 dvrtypoipp,
885 3246 984 3309 quum
1003 3212 1121 3300 ἄλλως,
1140 3219 1227 3306 quod

90 3329 118 3390 in
139 3329 278 3416 reliquis
300 3337 481 3413 comparet,
509 3325 697 3412 ambiguum
725 3325 904 3412 relinquet,
935 3333 1046 3389 utrum
1070 3321 1227 3386 scholium

89 3431 222 3496 alterum
240 3433 275 3510 ip
298 3429 412 3495 eodem
432 3428 515 3495 libro
537 3450 579 3494 an
600 3429 635 3493 in
660 3428 724 3494 alio
746 3429 914 3493 inventum
938 3426 990 3488 sit.
1042 3421 1129 3487 Illud
1150 3445 1228 3487 vero

90 3530 122 3594 ἐν
143 3529 252 3620 ἄλλῳ,
276 3542 393 3619 quater
413 3533 552 3619 positum
569 3554 601 3618 p.
620 3535 677 3614 31,
695 3533 826 3611 3-36,
846 3527 997 3608 18-38,
1015 3530 1147 3607 5-44,
1169 3528 1228 3608 10,

90 3636 206 3724 ubique
226 3633 351 3700 scholio
374 3635 545 3701 recentiori
568 3631 750 3720 praefixum
772 3641 822 3696 est
842 3641 917 3718 post
936 3631 1096 3696 vetustius
1118 3627 1226 3694 allato.

70 3735 218 3804 ‘Illorum
240 3739 382 3823 primum
398 3735 601 3802 Planudeum
625 3744 675 3798 est
681 3745 745 3817 ,ut
768 3755 866 3820 supra
887 3733 998 3815 docui,
1021 3731 1146 3818 relique
1160 3729 1227 3796 Mo·

91 3839 278 3928 schopules,
302 3839 361 3903 scd
383 3859 465 3925 quae
488 3839 585 3902 etiam
607 3835 787 3902 aPlanudc
804 3843 937 3922 recepta
951 3835 1050 3900 fuisse
1071 3832 1227 3898 credibile

91 3952 151 4026 est,
175 3951 208 4008 et
229 3939 390 4006 Planudis
409 3961 540 4006 manum
570 3941 603 4004 in
627 3961 665 4003 eo
693 3959 850 4023 agnosco,
874 3935 960 4024 quod
981 3959 1013 4023 p.
1036 3941 1086 4016 37,
1110 3935 1227 4002 41110-

91 4042 273 4131 schopuleis
284 4041 445 4130 quaedam
458 4064 501 4106 ex
517 4039 656 4105 SchVet.
669 4042 771 4125 petita
789 4039 921 4125 adjecta
935 4049 1025 4121 sunt,
1043 4059 1125 4124 quae
1140 4037 1228 4124 apud

92 4143 289 4231 Calliergum
311 4144 362 4209 bis
385 4145 546 4240 leguntur.
593 4141 706 4228 Neque
728 4143 858 4208 omniuo
880 4144 959 4207 satis
982 4162 1099 4204 causae
1119 4139 1226 4217 video,

92 4269 146 4311 cur
168 4247 369 4332 Calliergum
391 4245 539 4333 pluribus
563 4244 757 4310 scholiorum
780 4238 1002 4309 recentiorum'
1017 4240 1109 4304 libris
1134 4259 1227 4301 usum

93 4371 161 4414 csse
198 4350 384 4414 existimem
418 4370 516 4435 quam
556 4368 620 4410 uno
655 4345 843 4410 Planudeac
883 4343 1100 4421 recensionis,
1141 4339 1229 4425 quod

96 4450 140 4513 ld.
157 4467 298 4515 1—x1n.
319 4449 604 4538 complecteretur,
629 4447 696 4514 vid.
718 4470 818 4536 supra
837 4451 867 4528 ξ.
884 4453 918 4527 5,
945 4452 971 4508 1.
992 4447 1021 4508 6.
1044 4439 1137 4505 Alter
1156 4438 1229 4504 Cal-
