3008 5070
475 409 481 418 ·
504 413 650 467 sonunt.
667 413 716 490 ro.
735 416 762 484 r,
788 411 917 470 rr—te.
1220 403 1282 468 tet

131 593 172 636 ex
187 563 339 634 καιᾶννεα
357 583 462 636 natum
477 593 533 654 per
553 575 712 655 καταφερῆ
731 576 1026 658 interpretabantur,
1042 574 1106 636 vid.
1129 575 1282 654 Eustath„

132 661 218 720 EtM.
234 669 284 734 98,
300 669 335 724 at
353 669 386 720 et
400 660 452 720 all.

197 779 241 789 —
255 743 321 806 lin.
340 755 383 809 14.
416 744 560 822 Intellige
580 743 704 805 Aelium
724 748 909 826 Dionysium
931 747 1121 822 Atticistam‚
1138 747 1279 808 Halicar-

131 849 316 892 nassensem
344 839 423 890 teste
450 827 558 891 Suida‘
577 841 608 890 et
633 833 813 913 quiesque
837 836 873 891 Δ.
898 821 1146 910 Ἁλικαρνασσεὺς
1172 832 1282 893 dicitur

132 917 293 978 Scbllom.
312 915 348 974 Il.
366 935 397 989 0,
409 924 477 994 7053
497 916 577 974 huuc
593 914 631 976 de
646 937 721 978 vose
736 911 888 995 γεώλοφος
905 917 1078 997 disputasse
1094 926 1225 998 apparet
1241 938 1280 979 ex

132 1001 278 1062 Eustatb.
301 1009 368 1074 964,
389 1011 437 1074 23,
457 1001 496 1060 cf.
515 1001 597 1060 EtM.
618 1011 684 1076 um,
703 1013 746 1068 53.
778 1001 962 1064 Duebuerus
985 1003 1070 1064 Aelii
1088 1004 1280 1082 patricsnon
1359 1013 1362 1020 ’

120 1107 250 1147 memor
266 1088 335 1146 sine
352 1105 445 1146 eausa
460 1084 622 1145 laboravit.

197 1172 259 1232 Vs.
278 1181 416 1245 15-18,
438 1170 502 1231 liu.
519 1180 545 1232 2.
577 1171 734 1237 scholium
748 1171 828 1231 ultra
845 1192 930 1252 spem
945 1173 1145 1234 restitutionis
1160 1174 1279 1234 mutila-

130 1268 197 1316 tum
213 1265 246 1315 ct
261 1265 445 1336 corruptum.
476 1257 589 1316 Parum
602 1258 683 1318 enirn
697 1257 853 1336 proficitur
869 1257 1054 1334 conjecturis
1068 1257 1180 1318 Aderti
1194 1247 1236 1330 ὄξ.
1248 1256 1279 1318 δὲ

131 1339 185 1400 καί
206 1331 397 1416 mortezele
420 1351 450 1401 et
464 1342 625 1401 Duebueri
646 1341 683 1423 τῇ
700 1337 760 1419 ῥινί
781 1335 910 1412 δεικνύς.
948 1342 1095 1403 Attamen
1112 1342 1170 1402 hoo
1184 1363 1279 1423 appa·

131 1437 195 1496 ret,
214 1437 391 1508 quanquam
405 1435 565 1507 utrumque
583 1426 701 1486 illorum
716 1427 820 1502 latuit,
842 1427 949 1487 ultima
969 1427 1065 1488 verba
1084 1427 1177 1506 vulgo
1191 1449 1278 1509 prae-

133 1511 259 1572 cedenti
280 1511 397 1571 scholio
413 1510 493 1571 male
509 1510 677 1570 adhaerere
693 1521 724 1572 et
738 1512 839 1591 potius
858 1513 897 1572 ad
914 1512 1031 1573 Panem
1047 1515 1216 1593 pertinere,
1240 1513 1279 1574 de

134 1617 195 1676 quo
211 1595 327 1656 dictum
350 1597 446 1656 fuisse
462 1595 600 1669 videtur,
619 1588 664 1654 iius
682 1594 754 1672 μετὰ
771 1585 826 1670 κήν
841 1586 937 1676 ἄγραν
952 1596 1159 1674 μεσημβρίζειν
1175 1595 1277 1658 εἴωθε.

198 1682 252 1740 Vs.
270 1691 399 1754 21—26,
417 1701 447 1760 p.
461 1690 510 1755 43,
525 1690 552 1744 7.
581 1683 722 1740 Formam
738 1684 902 1761 προίηπος,
917 1701 1007 1762 quern
1024 1683 1161 1756 restitui,
1180 1701 1279 1760 gram·

134 1769 264 1826 maticus
280 1767 386 1840 linxit,
404 1777 438 1825 ut
453 1767 583 1825 nominis
596 1766 733 1844 Πρίηπος
749 1768 895 1844 originem
909 1787 948 1826 ex
963 1767 1087 1844 προΐημι
1101 1766 1278 1828 illustraret.

197 1884 241 1894 —
257 1852 324 1910 liu.
342 1860 360 1913 8
376 1871 477 1932 seqq.
509 1851 674 1928 vulgatum
690 1853 802 1912 lemma
818 1845 1044 1928 Κρονιάδων
1065 1851 1176 1911 falsum
1200 1871 1277 1928 esse,

134 1937 204 2016 ipsa
220 1937 319 2014 prima
336 1936 547 2015 interpretatio
563 1936 683 2012 κρηνῶν
697 1939 807 2015 arguit.
839 1935 902 1996 Sed
920 1956 959 1996 ue
975 1935 1128 2012 κρανίδων
1143 1937 1277 2017 quidem,

133 2023 263 2101 quaein
280 2031 369 2080 textu
391 2021 456 2082 fere
473 2022 652 2100 optimorum
666 2021 810 2082 librorum
830 2021 923 2080 lectio
941 2029 1001 2094 est,
1024 2023 1190 2100 genuinum
1210 2041 1278 2082 esse

132 2116 251 2186 potest3
277 2125 371 2184 aegre
393 2107 475 2166 eninr
497 2106 695 2186 intelligitur,
718 2106 868 2187 quomodo
891 2106 1001 2186 aliquis
1022 2104 1161 2182 κρανείας
1181 2116 1221 2166 ex'
1241 2127 1303 2172 ea.

133 2211 212 2252 voce
230 2191 345 2251 elicere
359 2193 503 2270 potuerit.
529 2191 646 2251 Auctor
660 2191 769 2251 scholii
779 2192 884 2270 potius
899 2191 1086 2268 κραναιᾶν
1101 2191 1214 2268 legisse
1230 2195 1276 2252 ri·

134 2276 238 2348 detur,
264 2296 356 2356 quam
379 2295 485 2335 vocem
504 2275 555 2335 alii
580 2269 714 2352 Νύμφας
735 2275 888 2352 Κρηναίας
910 2277 1102 2352 interpretati
1118 2286 1201 2352 sunt,
1225 2277 1279 2337 elii

133 2351 464 2440 κρηναίαςεκρήνας,
487 2381 566 2441 quac
584 2364 682 2421 forma
699 2361 885 2439 paragogioa
902 2359 979 2438 (vid.
997 2359 1132 2421 Lobeelr.
1160 2361 1276 2422 Purall.

133 2469 163 2527 p.
190 2455 241 2510 297
270 2445 372 2526 seqq.)
395 2445 466 2504 olim
485 2447 646 2524 legebatur
670 2446 935 2525 Apoll.I,1208,
961 2445 1015 2504 alii
1037 2443 1190 2523 κρανείας,
1217 2447 1277 2505 for-

133 2545 216 2591 tasse
231 2533 379 2591 Doricum
395 2531 592 2592 mutationem
611 2529 792 2611 diphthongi
808 2550 833 2589 ει
853 2531 884 2590 in
899 2551 930 2587 αι
951 2539 1166 2608 agnoscentes.
1196 2529 1276 2591 Ouu-

133 2619 234 2676 firmet
249 2635 317 2676 eam
335 2615 507 2694 opinionem
525 2637 658 2697 sequens
674 2615 821 2677 scholium
836 2616 974 2694 quamvis
991 2622 1178 2693 corruptum,
1194 2625 1276 2675 utro·

134 2721 193 2783 que
209 2702 340 2761 alterum
354 2699 537 2762 illustrante.
561 2703 621 2762 Hic
636 2722 692 2782 pro
706 2698 860 2778 Κρηνίδας
876 2698 1097 2760 restituendum
1112 2719 1180 2774 esse
1194 2701 1275 2778 Κρη-

131 2786 218 2856 ναίας
232 2793 357 2866 praeter
372 2785 500 2845 alterum
511 2787 659 2846 scholium
670 2771 763 2848 lec'tio
778 2778 892 2864 κρήνας
907 2786 939 2844 in
955 2797 981 2848 5.
996 2781 1106 2845 eene
1121 2784 1276 2845 admouet.

133 2871 231 2931 iidem
245 2871 347 2930 fontes
364 2872 499 2931 veriores
518 2872 668 2933 lectiones
688 2864 752 2931 εἷπε
770 2881 801 2932 et
816 2865 1103 2949 σνγκαθιδρυμίνων
1125 2889 1275 2931 commen·

135 2954 216 3016 dant
238 2956 381 3015 Alterum
396 2955 543 3015 scholium
560 2958 599 3016 ab
615 2958 701 3018 initio
716 2959 976 3037 corruptissimum
995 2964 1057 3026 est;
1074 2957 1185 3017 lemma
1202 2975 1275 3016 vero

135 3041 328 3100 falsumesse
345 3039 464 3119 etquid
481 3041 512 3099 in
530 3043 677 3119 proximis
700 3042 812 3112 lateat,
834 3043 935 3122 priore
959 3040 1076 3100 scholio
1099 3049 1275 3121 comparato

134 3125 327 3204 intelligitur.
359 3126 528 3186 Praeterea
547 3123 608 3184 alia
625 3125 777 3202 quaedam
791 3125 872 3186 illius
891 3145 949 3206 ope
967 3127 1162 3187 correximus.
1191 3127 1275 3185 Tou·

133 3211 201 3290 pius
216 3219 434 3291 proposuerat:
454 3199 536 3280 ἐκτὸς
551 3200 632 3285 εἰμὴ
648 3197 700 3278 τὰς
723 3200 842 3284 νύμφας
859 3209 1002 3286 κρηναίας
1023 3204 1188 3286 κρηναίδας
1204 3207 1277 3290 εἴπῃ

136 3305 166 3354 et
179 3291 396 3374 συνιδρυμένας
411 3294 454 3377 τῷ
468 3295 528 3370 Πρ.
538 3337 546 3368 ,
557 3295 616 3354 hoe
630 3293 778 3372 probante
793 3295 975 3368 Duebuem,
993 3295 1046 3374 qui
1060 3295 1127 3372 ipse
1142 3293 1276 3369 conjecit

134 3369 215 3453 ίκτός
234 3379 261 3438 εί
274 3374 316 3456 μή
332 3401 376 3451 τις
391 3371 443 3450 τὰς
460 3373 581 3457 νύμφας
599 3382 655 3437 νῦν
670 3368 880 3456 κᾶςκρηναίας
895 3376 975 3458 εἴπῃ.

195 3499 239 3510 -
255 3486 285 3545 p-
299 3474 348 3540 44,
362 3464 427 3525 lin.
442 3475 468 3528 3.
489 3463 673 3526 Duebuerus
685 3462 824 3541 probavit
839 3460 1017 3536 νπίαχίίοος
1031 3452 1111 3533 ἧμαι
1124 3458 1214 3518 estin
1229 3469 1256 3521 5.
1268 3481 1276 3531 3

134 3571 313 3630 quoscum,
327 3571 431 3631 parurn
447 3550 608 3628 perspicio.
637 3547 793 3608 Scholium
805 3547 957 3606 brevitate
968 3543 1124 3622 obscurius
1135 3551 1197 3616 est,
1216 3542 1277 3602 uisi

135 3635 216 3716 quod
226 3645 356 3716 apparet
366 3623 418 3706 τὰς
430 3628 614 3706 πολυτόκους
629 3635 721 3694 etism
736 3620 977 3709 πολυγαλακτους
993 3628 1180 3688 existimatae
1196 3646 1275 3687 esse.

198 3755 239 3766 -
254 3720 321 3780 liu.
339 3729 356 3784 7
371 3740 474 3800 seqq.
504 3720 604 3799 Quum
619 3706 746 3818 ἆρολγὸς
761 3735 815 3796 pro
831 3735 905 3776 vase
920 3713 1080 3810 mulctorio
1097 3733 1157 3772 non
1173 3713 1205 3772 in
1219 3731 1276 3773 usu

134 3808 187 3879 sit,
205 3815 259 3865 aut
272 3794 342 3877 curig
358 3800 390 3864 ot
407 3795 545 3883 ἆμαλγείς
564 3805 615 3866 vel
629 3799 774 3881 αμολγέας
795 3809 848 3861 eut
863 3789 898 3860 roi
914 3795 946 3860 δὲ
963 3790 1091 3876 αμόίγια
1108 3797 1200 3858 scribi
1221 3817 1277 3896 po:

135 3900 220 3951 terat.
247 3891 285 3949 In
301 3889 499 3971 sequentibus
510 3890 684 3950 Kochlerus
699 3886 816 3948 infelici
832 3887 1007 3965 conjectura
1021 3884 1180 3963 proposuit
1195 3903 1277 3962 παρα

134 3966 166 4033 κὸ
183 3977 283 4035 πίνειν
303 3964 413 4047 αὐτούς
436 3995 506 4050 „sc
522 3966 614 4052 γάλα,
632 3973 714 4055 quod
730 3973 780 4032 lec
795 3972 902 4032 bibant
921 3980 952 4033 et
967 3970 1120 4049 capient“.
1148 3969 1276 4028 Rectius

133 4060 299 4121 Jacobsius
314 4060 393 4120 vidit
408 4060 554 4120 lacunosa
571 4079 655 4133 esse,
672 4059 723 4138 qui
738 4055 818 4138 quod
834 4057 955 4136 scripsit
975 4043 1056 4134 παρὰ
1077 4045 1110 4111 τὸ
1131 4055 1276 4124 arbuto,

134 4145 319 4206 Duabuerus
341 4145 454 4205 rectius
475 4133 556 4220 stupri
572 4135 605 4202 rb
625 4141 847 4216 πεπελεκῆσθαι
864 4139 1079 4218 proferendum
1102 4157 1171 4198 esse
1187 4136 1278 4196 intel·

135 4231 225 4304 lesit,
241 4233 346 4311 quain
362 4229 495 4289 absurda
511 4230 596 4288 vocis
608 4225 699 4287 πέλλα
712 4225 900 4307 etymologia
912 4223 1108 4284 consentiunt
1122 4219 1276 4280 SchHom.

133 4316 170 4377 n.
181 4337 220 4388 π,
237 4325 298 4378 eru.
332 4315 470 4376 uurseth.
491 4321 573 4386 rote,
589 4322 624 4376 ss
639 4324 670 4373 et
683 4324 764 4386 1531,
780 4323 824 4376 55.
842 4309 926 4368 EtM.
943 4317 1009 4380 ete,
1021 4315 1065 4367 42·
1095 4302 1188 4382 Quod
1202 4321 1276 4364 vero

134 4400 187 4461 ills
200 4401 233 4460 in
247 4400 350 4460 verbis
364 4397 463 4459 πίνειν
477 4395 509 4456 ἐν
523 4389 624 4469 αὐτοῖς
641 4399 789 4478 reliquias
803 4401 1017 4472 excerptorum
1032 4409 1072 4450 ex
1088 4388 1203 4448 Athen.
1219 4386 1278 4458 XI,
1376 4462 1381 4470 ο

24 4519 30 4538 ·
134 4493 185 4549 tes
206 4485 315 4545 haberi
333 4485 501 4563 judicavit,
527 4484 658 4544 menime
675 4481 837 4543 verborum
854 4479 1136 4557 Hipponactsorum
1157 4468 1189 4532 e
1210 4473 1281 4530 πεί.-

135 4567 214 4642 ilios·
234 4569 384 4642 πίνοντες
401 4559 438 4629 οὗ
453 4559 512 4649 γὰρ
532 4553 571 4645 ἦν
587 4556 690 4642 αὐτοῖς
706 4557 807 4642 κύλιξ,
832 4563 863 4626 id
880 4563 1046 4624 Duebuero
1062 4555 1279 4642 perprobabile

176 4689 331 4734 uuoonror
354 4691 407 4736 ou.
425 4691 461 4732 11.
1039 4661 1080 4726 30
