2968 5060
228 427 315 474 LVIII
685 427 898 478 recursum.

229 583 374 644 naneae
391 585 531 646 Andreae
549 587 721 646 Cratandri.
737 587 780 646 M.
795 587 831 646 D.
848 585 931 646 XLI.
953 594 980 645 8.
998 619 1039 629 -
1062 581 1210 646 Editor-is
1229 585 1382 648 munere

231 685 363 750 Iunctus
384 694 435 752 est
454 693 653 771 Hieronymus
676 695 870 766 Gemasaeas,
893 697 930 752 ut
950 710 994 752 ex
1016 689 1087 754 eius
1105 687 1260 775 Epistola
1275 687 1380 752 Nun-

228 793 398 878 cupatoria
420 791 595 881 colligitur.
641 795 806 861 Editionis
829 795 907 860 Bas.
928 809 952 856 1.
981 795 1131 881 repetitio
1160 794 1380 860 emendatior

229 897 352 964 additis
374 898 525 967 Scholiis.

313 1009 418 1085 Ferri
447 1009 679 1089 Θεοκρίτου
697 1045 742 1058 -
760 1014 818 1072 Alo
837 1008 889 1094 (ut
910 1005 945 1070 in
964 1003 1264 1092 praecedentibus).
1304 1010 1374 1068 Ve-

227 1119 314 1177 neriis
341 1133 381 1177 ex
409 1115 540 1190 officina
561 1119 690 1180 Ferrea.
712 1119 895 1182 aarum.
918 1123 946 1176 8.
989 1108 1119 1176 Scholia
1126 1159 1146 1192 ,,
1164 1131 1249 1196 quae
1271 1132 1374 1198 sepa-

228 1229 299 1284 rato
320 1217 487 1284 volumine
509 1220 726 1304 continentur,
749 1222 783 1286 in
807 1220 903 1287 titulo
926 1217 1063 1283 eandem
1087 1214 1370 1302 subscriptionem

227 1325 359 1406 habent,
383 1331 553 1412 praeterea
573 1324 606 1387 in
627 1327 732 1392 ealce:
766 1332 892 1392 Vertetiis
912 1329 997 1406 apati
1010 1329 1154 1388 Ιοοκιιτυι
1171 1326 1321 1384 Ferreum
1337 1333 1373 1386 et

224 1435 351 1509 fraires.
391 1436 477 1494 Αιικο
498 1450 518 1492 a
536 1443 630 1511 parta
654 1439 784 1512 Virqinis
807 1436 989 1497 MBXLIII.
1010 1467 1055 1482 --
1076 1428 1131 1492 Ex
1152 1424 1220 1492 Sal.
1243 1428 1292 1491 ita
1313 1435 1367 1490 est

228 1538 382 1623 repetita,
404 1546 441 1602 ut
454 1539 576 1625 pagina
594 1541 734 1626 paginae
751 1537 958 1626 respondeat,
981 1536 1038 1600 aed
1058 1533 1188 1600 mendis
1208 1533 1291 1598 adeo
1307 1553 1368 1597 au-

228 1645 300 1709 ctis.
336 1641 484 1710 Contulit
501 1643 676 1727 Reislrius;
700 1648 771 1732 ipse
793 1643 961 1732 exemplar
981 1643 1199 1726 Gottingense
1219 1639 1365 1725 inspexi.

319 1751 430 1835 WecIt.]
461 1751 699 1831 Θεοκρίτου
722 1785 763 1800 -
785 1757 843 1814 Ata
871 1761 921 1835 (ut
942 1753 976 1816 in
998 1748 1163 1836 prioribus
1186 1746 1245 1812 sed
1267 1746 1366 1810 omis-

230 1859 275 1924 sis
298 1857 409 1924 verbis
438 1852 620 1938 ,,τουτέστι
642 1847 744 1938 μικρὰ
768 1863 827 1920 π.“
851 1866 884 1922 et
910 1857 998 1940 „hoe
1021 1865 1070 1920 est
1090 1876 1122 1934 p.
1142 1851 1224 1936 p.“).
1269 1854 1366 1912 Pari-

227 1971 279 2030 siis
300 1969 386 2045 apud
400 1969 599 2028 creationum
619 1968 786 2026 Weclzelam
806 1967 860 2026 snb
877 1977 959 2029 sento
979 1967 1149 2036 Basitienet
1169 1965 1201 2021 in
1222 1962 1285 2020 ricc
1304 1959 1364 2018 Ia-

227 2075 353 2134 cobaeo:
375 2081 404 2134 et
423 2075 477 2132 sni
499 2073 626 2147 Peraea,
648 2075 678 2132 in
699 2075 761 2132 rico
780 2073 986 2135 Bellovacensi
1007 2075 1049 2133 M.
1067 2072 1105 2130 I).
1125 2063 1244 2129 XLIII.
1270 2070 1299 2121 t.
1322 2093 1363 2102 -·

229 2173 333 2250 Γέυος
349 2176 534 2257 Θεοκρίτου
553 2185 615 2239 etc.
638 2184 671 2240 ct
686 2175 895 2263 Hypotheses
918 2169 953 2240 in
972 2195 1073 2238 unum
1090 2191 1208 2256 corpus
1230 2164 1365 2230 redacta

229 2289 306 2346 ante
328 2280 443 2368 Epigr.
466 2279 629 2366 leguntur.
676 2281 857 2370 Exemplar
878 2281 920 2346 ab
942 2279 1089 2346 Ameisio
1111 2274 1234 2360 accepi.

315 2389 410 2448 Brab.
431 2384 469 2473 1.]
494 2386 724 2466 Θεοκρίτου
747 2425 790 2436 -
805 2393 862 2452 Aia
885 2391 935 2474 (ut
956 2388 992 2451 in
1011 2385 1089 2450 Bas.
1109 2382 1159 2469 1.).
1204 2378 1268 2444 Sed
1290 2385 1364 2466 post

230 2491 389 2556 Graecam
420 2491 665 2577 inscriptionem
694 2493 857 2558 additum:
894 2483 1040 2574 „Mati
1070 2488 1149 2554 τῶν
1175 2487 1364 2568 cxci-issa

230 2597 446 2678 Ζαχαρίου
471 2597 547 2662 τοῦ
570 2597 839 2681 Καλλιέργου
866 2593 978 2663 πάνυ
1000 2588 1270 2682 οἶφείίμωνιι,
1294 2602 1364 2657 tum

229 2713 304 2791 post
324 2703 493 2771 Latinam:
524 2709 650 2770 Praeter
676 2711 752 2770 Ιιοτο
778 2719 807 2770 et
824 2711 934 2772 Latina
956 2709 1050 2768 versio
1077 2707 1211 2766 carmine
1231 2721 1290 2764 non
1313 2705 1364 2762 in-

226 2815 358 2888 feliciter
378 2815 499 2875 reddita
517 2833 575 2892 per
597 2815 636 2875 Ii.
658 2815 813 2875 Ecbanarn
835 2815 960 2876 Hessarn
982 2821 1011 2875 et
1031 2813 1178 2874 Ioactimi
1196 2811 1367 2870 Camerarii

230 2921 343 2980 solatia
369 2937 428 2982 non
456 2923 607 2982 inerudita
633 2938 795 2983 accessere.
825 2923 867 2982 M.
889 2923 922 2984 I).
939 2921 994 2980 XL
1004 2921 1037 2978 V.
1065 2926 1091 2978 8.
1116 2954 1153 2962 -
1184 2910 1366 2978 Camerarii

229 3022 407 3106 praefatio,
430 3022 554 3088 scholia
573 3032 606 3088 et
625 3025 737 3088 variae
752 3023 910 3089 lectiones
930 3045 973 3087 cx
994 3021 1045 3086 ed.
1064 3019 1156 3086 Cam.
1173 3029 1246 3112 post
1264 3017 1366 3083 Scho-

229 3126 275 3190 lia
295 3125 454 3214 Galliorgi
475 3129 588 3194 addita
616 3140 701 3195 sunt.
747 3130 875 3196 Eobani
900 3129 1015 3194 Versio
1038 3149 1132 3192 sunm
1155 3125 1287 3192 titulum
1308 3123 1365 3187 ha·

227 3233 300 3317 bet,
331 3234 386 3300 ubi
409 3239 609 3312 Francosarti
633 3259 673 3301 er
700 3240 826 3314 officina
854 3240 936 3300 Petri
960 3238 1128 3300 Brabaolrii
1148 3237 1191 3297 M.
1210 3237 1245 3295 I).
1264 3235 1322 3295 XL
1332 3235 1364 3292 V.

231 3339 378 3406 Contulit
400 3341 581 3426 Zioglcrus.

313 3447 416 3512 *Mon
436 3449 475 3537 1.]
508 3454 655 3515 Theocriti
681 3455 786 3529 idyllia
809 3471 859 3527 qr.
894 3451 1009 3510 Eadem
1030 3451 1122 3508 latino
1143 3449 1277 3508 carteiae
1304 3465 1365 3506 ea-

225 3571 333 3630 pressa
352 3559 391 3616 ab
404 3559 524 3618 Ecbano
540 3559 641 3619 Herse.
681 3559 808 3618 Ρονίιίιζι
828 3554 913 3628 apati
933 3555 1010 3612 Gaii.
1031 3553 1196 3614 tIIorelinm.
1221 3561 1308 3612 1550.
1334 3563 1364 3612 4.

228 3693 271 3704 -
290 3655 386 3721 Hanc
410 3680 474 3722 non
497 3656 584 3738 vidi,
611 3680 716 3744 neque
742 3677 781 3718 ea
802 3655 973 3739 quisquam
1003 3655 1165 3720 editorum
1192 3677 1272 3720 usus
1302 3665 1364 3720 est.

229 3761 269 3825 In
292 3761 451 3849 Catalogo
472 3773 581 3828 autem
604 3766 738 3850 antiquo
768 3761 810 3845 (a.
836 3761 931 3844 1560)
955 3759 1113 3826 librorum
1142 3760 1272 3827 aGuil.
1296 3761 1365 3826 Mo'-

227 3864 308 3930 relio
336 3868 567 3954 impressorum
597 3891 650 3955 ap.
681 3866 835 3932 Malttair.
862 3864 949 3929 Ann.
973 3864 1118 3954 Typogr.
1150 3885 1199 3931 111.
1227 3891 1259 3954 p.
1290 3871 1365 3933 443.

228 3969 313 4036 liber
334 3970 423 4037 illius
445 3975 668 4062 inscriptionis
691 3997 757 4038 non
779 3981 1065 4053 commemoratur,
1088 3973 1146 4037 sed
1168 3971 1365 4055 „Theocriti

228 4075 351 4141 selecta
372 4078 516 4166 Edyllia.
553 4079 671 4146 Graec.
691 4083 743 4143 4.“
765 4101 851 4144 anno
872 4100 935 4143 non
958 4078 1111 4144 indicato.

313 4185 401 4275 Ian]
440 4189 587 4252 llwocriti
617 4191 753 4266 idyllinm
780 4191 910 4265 prinam
941 4189 1180 4248 annotationibus
1208 4189 1368 4249 Frederiei

227 4295 348 4357 Iantctii
376 4299 564 4357 illustratam.
602 4297 728 4355 Parisiis
756 4296 842 4371 apati
862 4295 1026 4355 Martinam
1045 4294 1194 4355 Invenere.
1223 4301 1311 4353 1552.
1337 4302 1365 4353 t.

228 4435 271 4447 —-
291 4397 415 4485 Accepi
438 4419 455 4462 e
473 4395 555 4460 bibl.
572 4394 663 4461 Gott.

313 4507 408 4570 Brut.
435 4503 491 4594 IL]
528 4503 652 4570 Iisdem
680 4501 784 4568 titulis
816 4502 919 4566 utitur
953 4498 1071 4588 quibus
1099 4499 1201 4564 Brub.
1231 4515 1254 4562 1.
1284 4500 1367 4587 (nisi
