2980 5048
243 383 266 432 X
705 381 912 432 PRAEFATIO.

231 543 427 643 'quanquam
460 577 503 620 ox
528 560 558 622 9.
591 577 658 620 uua
686 557 780 622 varia
810 557 906 626 lectio
938 557 991 624 ad·
1005 557 1054 623 Id.
1081 575 1121 636 11,
1156 559 1199 624 88
1230 557 1399 622 martur.

171 717 175 726 ,
242 657 365 722 Contra
388 668 516 746 praeter
536 658 609 724 illos
629 658 735 726 codex
759 665 796 726 10
815 661 858 725 ad
877 660 928 726 Id.
951 679 989 744 x,
1012 661 1052 725 28
1070 660 1238 726 adhibitus
1259 669 1326 724 ast.

326 765 361 850 3)
398 761 596 826 Collationss
618 761 768 828 codicum
785 763 1009 829 Parisinorum
1030 767 1067 827 E.
1089 768 1132 828 Μ.
1153 768 1189 826 P.
1212 761 1267 846 (Ο.
1280 761 1327 826 Α.
1347 759 1396 824 B.

241 885 292 949 ap.
317 863 438 946 (laist.)
460 885 481 928 a
502 865 615 930 Bastio
634 865 813 930 conlectae.
857 864 989 932 Codicis
1006 865 1050 930 Μ.
1070 864 1244 950 collatione
1264 863 1398 928 Sanct-

240 965 435 1030 amandiana
456 969 621 1032 rarissime
641 989 721 1032 usus
744 977 803 1032 ast.
849 967 903 1032 Ex
925 967 996 1034 cod.
1019 967 1059 1032 N.
1083 967 1245 1055 quaedam
1266 976 1394 1054 protu-

126 1063 137 1078 '
240 1066 277 1132 lit
298 1068 476 1132 secundum
501 1069 691 1134 Ruhnkenii
713 1069 859 1140 schedas.

237 1225 239 1228 .
322 1171 356 1255 4)
382 1169 497 1236 Codex
514 1177 587 1236 Can.
607 1171 648 1236 ab
668 1173 739 1259 ipso
751 1171 928 1238 Gaisfordo
943 1172 1106 1239 delibatus
1124 1171 1249 1259 potius,
1268 1192 1391 1258 quam,

240 1279 277 1336 ut
297 1274 367 1358 ipss
388 1272 483 1356 dicit,
507 1273 654 1341 collatus.

249 1374 253 1384 ’
322 1375 357 1462 5)
379 1373 494 1441 Codex
525 1379 625 1440 Bar.“·
662 1375 703 1440 ah
734 1377 847 1442 eodem
884 1375 1050 1442 nonnullis
1084 1377 1164 1442 locis
1196 1374 1304 1440 obiter
1333 1375 1386 1438 in·
1482 1409 1483 1426 ι

238 1485 378 1564 spectus.

324 1580 358 1665 6)
382 1578 501 1644 Variae
521 1579 676 1644 lectiones
700 1601 742 1645 cx
762 1579 873 1646 codice
892 1579 1046 1644 Vulcanii
1066 1579 1149 1664 (vid.
1170 1584 1202 1661 §-
1225 1580 1278 1666 3),
1308 1579 1380 1666 qui-

236 1681 298 1746 bus
320 1705 363 1746 ex
384 1691 542 1770 apparatu
563 1681 770 1748 Dorvilliano
796 1683 906 1768 petitis
927 1680 1124 1747 Gaislordus
1148 1683 1194 1744 ita
1215 1701 1296 1744 usus
1316 1689 1378 1762 est,

237 1793 273 1850 ut
296 1783 415 1870 siglam
438 1806 532 1848 suum
562 1790 645 1849 Volo.
670 1805 831 1871 nusquam
851 1785 1079 1872 interpretatus
1103 1784 1157 1846 sit.

321 1887 518 1980 Gaisfordus
551 1887 653 1974 copiis
681 1872 997 1952 ¹Sanctamandianis
1040 1884 1141 1950 multo
1186 1883 1373 1970 diligentius
1482 1940 1483 1970 ,

236 2011 313 2058 usus
335 1999 384 2054 cst
402 2011 500 2076 quam
522 1989 714 2070 wartonus,
731 1990 778 2054 ita
800 1996 908 2052 tamen
922 1997 959 2052 ut
978 2009 1020 2052 ax
1035 1986 1096 2051 hoc
1110 1988 1210 2051 ctiam
1228 1987 1262 2050 in
1275 1983 1370 2050 Scho
1482 1993 1483 2020 ³

234 2091 288 2156 liis
306 2090 465 2180 quaedam
488 2091 565 2156 addi
587 2090 641 2155 vel
663 2091 784 2176 corrigi
805 2091 942 2179 possint.
985 2087 1111 2154 Glossis
1131 2088 1189 2154 illc
1211 2089 1280 2153 sere
1300 2087 1371 2152 abs-

233 2195 341 2259 tinuit.
394 2195 615 2259 Parisinorum
650 2192 807 2258 librorum
841 2191 1045 2274 collationes,
1079 2211 1162 2278 quas
1191 2191 1374 2276 usurpavit,

235 2305 342 2362 utrum
371 2298 477 2360 minus
508 2295 684 2382 diligenter
711 2294 817 2359 factae
846 2292 970 2358 suerint
1000 2315 1042 2358 an
1065 2292 1288 2378 negligentius
1312 2293 1374 2356 sint

235 2398 413 2480 adhibitae,
435 2419 551 2484 parum
574 2397 691 2484 liquet3
714 2405 801 2461 certe
817 2393 945 2461 Gallius
968 2403 1001 2460 et
1016 2396 1214 2461 Duebnarus
1234 2393 1376 2482 plurima

235 2499 311 2564 indo
342 2498 396 2562 vel
427 2501 548 2564 rectius
582 2498 635 2563 vel
663 2497 791 2585 plenius
820 2496 1037 2562 tradiderunt.
1082 2496 1218 2562 Praeter
1250 2498 1376 2562 vanarn

235 2601 405 2666 lectionem
429 2599 558 2665 axillis
580 2599 674 2665 libris
692 2609 724 2664 et
746 2600 798 2666 ed.
823 2599 905 2666 Call.
928 2598 1109 2684 subjectam
1127 2599 1326 2665 Gaislordus
1342 2601 1377 2663 in

234 2701 442 2768 adnotatione
463 2702 612 2767 exhibuit
633 2702 777 2789 priorum
797 2702 998 2784 criticorum,
1019 2702 1193 2788 praecipue
1212 2701 1377 2780 wattoni,

232 2805 367 2892 Toupii,
396 2803 560 2887 Jacobsii,
588 2803 799 2891 Kiesslingii‚
830 2803 1132 2868 animadversiones
1163 2803 1242 2868 olim
1269 2802 1377 2880 editas

234 2905 425 3002 (editionem
440 2907 777 2973 Amstelodamansem
795 2907 991 2991 ignoravit),
1009 2905 1225 2993 paucissimas
1242 2903 1285 2970 de
1300 2927 1376 2986 suo;

234 3031 360 3074 summa
381 3031 459 3075 vero
477 3008 571 3073 laudo
594 3005 760 3072 ornandus
784 3006 825 3074 ob
848 3017 1029 3095 protractas
1051 3029 1094 3072 ox
1114 3005 1244 3072 schedis
1262 3027 1376 3070 manu-

234 3112 363 3200 scriptis
381 3111 621 3176 Hamsterhusii
639 3108 863 3175 adnotationes
886 3111 1010 3196 insigni
1032 3109 1088 3175 illo
1110 3111 1223 3174 critico
1243 3107 1375 3194 dignas.

317 3214 357 3280 Iu
373 3207 516 3280 editions
535 3211 701 3276 'lheooriti
725 3216 866 3276 Galliena
885 3233 914 3275 a.
935 3213 1015 3277 1828
1032 3211 1155 3278 scholia
1170 3219 1288 3298 potitae
1303 3233 1375 3276 ver·

234 3319 285 3384 bis
307 3317 456 3404 subjecta
470 3315 690 3382 redactionem
712 3313 993 3398 Kiesslingianam
1015 3323 1195 3401 sequuntur
1216 3314 1375 3400 paucissi-
1482 3319 1483 3348 ³

231 3425 293 3486 mis
316 3421 465 3502 mutatis,
480 3416 567 3483 unde
587 3417 684 3480 etiam
708 3415 830 3480 factum
851 3425 888 3480 ut
910 3415 1135 3504 supplementa
1157 3415 1373 3482 Wartoniana
1482 3393 1483 3420 ³

231 3521 323 3606 siglis
347 3529 489 3585 careant.
532 3517 767 3606 Additamento
786 3517 1019 3583 Gaisfordiana
1042 3517 1084 3582 ad
1103 3517 1152 3583 Id.
1175 3535 1199 3582 1.
1223 3520 1258 3582 in
1282 3517 1370 3589 Notis
1482 3551 1483 3566 ι

227 3625 348 3711 posita,
370 3632 484 3709 postea
505 3625 539 3686 in
560 3630 687 3686 textum
711 3618 910 3685 scholiorum
932 3629 1076 3706 recepta.
1121 3619 1176 3683 Ex
1202 3620 1370 3685 codicibus

227 3724 385 3788 Parisinis
414 3723 501 3787 haud
528 3743 633 3810 pauca
659 3744 745 3788 nova
773 3720 897 3786 scholia
920 3721 1033 3786 addita
1054 3731 1086 3786 et
1104 3722 1266 3809 plurimae
1287 3721 1373 3807 glos·
1482 3773 1483 3781 ,

231 3848 301 3909 sao,
332 3833 445 3889 contra
471 3823 601 3911 glossae
624 3826 700 3890 olim
729 3823 771 3888 ab
794 3823 930 3888 Reislsio
952 3834 985 3888 et
1006 3824 1165 3890 Wartono
1188 3823 1298 3888 editae
1320 3845 1372 3888 no·
1482 3865 1483 3918 4

229 3928 356 4015 glectso
386 3935 470 3990 sunt.
516 3925 617 3991 Varia
645 3927 740 3992 lectio
770 3925 986 3990 Wartoniana
1014 3939 1044 3991 et
1071 3926 1309 3992 Gaislordiana
1332 3947 1373 3990 ox

229 4029 397 4096 codicibus
420 4027 693 4094 Parisinisauota
716 4038 779 4112 est,
801 4027 861 4092 ssd
882 4035 918 4092 ut
940 4027 1037 4094 facilc
1051 4037 1208 4116 appareat
1225 4025 1372 4092 Gailium

230 4136 264 4199 in
287 4133 347 4197 hac
374 4140 465 4218 parte
494 4131 714 4217 negligentius
737 4139 903 4195 versatum
926 4151 1009 4196 esso.
1054 4129 1146 4196 Idem
1165 4151 1224 4194 suo
1240 4130 1372 4217 judicio

179 4281 182 4292 ·
227 4235 311 4300 nibil
331 4233 401 4299 foro
421 4233 594 4321 praestitit.

312 4337 456 4422 Egregie
477 4333 596 4399 deinde
619 4329 809 4397 doscholiis
831 4335 949 4398 meruit
965 4338 1107 4408 Adortus,
1120 4333 1287 4422 professor
1304 4333 1368 4400 Go-

226 4438 393 4518 nevensis,
425 4426 492 4502 boo'
519 4457 633 4522 opere:
669 4437 876 4518 „Scholiomm
909 4442 1119 4501 Geneveass'um
1143 4457 1219 4516 pars
1245 4442 1367 4515 inedita,
