2968 5060
218 347 316 398 LXXII
680 343 886 392 rosamo.

218 515 251 568 et
266 523 385 566 novum
401 497 536 586 aliquod
551 497 730 562 secundum
753 496 923 562 meliorum
946 495 1103 562 librorum
1126 500 1358 564 auctoritatem

218 621 345 676 struere
369 614 506 670 conatus
529 612 589 668 est.
634 602 726 668 Haec
749 605 852 690 igitur
878 605 1025 670 recensio
1047 626 1148 691 quum
1169 604 1278 691 prima
1299 606 1350 688 sit,

218 737 318 805 quse,
348 734 435 778 vana
456 709 610 796 vulgatae
632 712 826 777 auctoritate
850 720 975 798 spreta,
1001 709 1078 776 solis
1100 709 1293 776 melioribus
1313 712 1349 776 li-

216 824 286 890 bris
310 822 434 886 nitatur
454 819 575 906 (priore
597 816 740 882 editione
761 838 834 882 mea
846 820 965 904 partim
978 819 1182 904 praeeunte),
1205 841 1273 884 non
1292 821 1348 882 mi.

216 953 289 995 rum
315 937 380 1010 est,
413 925 500 1012 quod
528 924 624 988 toties
649 943 723 988 cum
750 922 915 1010 prioribus
942 923 1110 1010 discrepet.
1155 920 1250 1002 Quae
1272 945 1348 988 vero

216 1036 374 1101 librorum
392 1029 614 1095 bucolicorum
636 1029 779 1094 conditio
801 1037 867 1111 est,
890 1052 956 1094 non
975 1029 1068 1094 licuit
1084 1049 1185 1092 unum
1207 1027 1348 1116 aliquem
1456 1031 1457 1036 ’

218 1142 374 1229 optimum
394 1136 514 1200 librum
537 1135 653 1200 ducem
669 1137 762 1222 sequi
782 1157 887 1222 neque
902 1155 1023 1222 paucos
1041 1136 1184 1220 (praeter
1204 1137 1349 1200 carmim

217 1253 250 1312 in
275 1241 485 1333 paucioribus
506 1239 675 1305 codicibus
699 1241 864 1324 servata);
888 1240 946 1304 sed
969 1261 1067 1326 quum
1089 1260 1229 1325 magnus
1253 1239 1349 1308 libro·
1459 1286 1460 1312 t

216 1373 288 1417 rum
320 1369 475 1412 numerus
503 1347 538 1411 in
568 1346 686 1412 multas
719 1347 862 1412 familias
891 1346 1097 1428 discesserit,
1131 1346 1249 1412 harum
1280 1351 1349 1415 fere
1460 1397 1461 1410 .

215 1457 359 1522 omnium
380 1452 474 1518 libris
488 1452 677 1518 melioribus
700 1454 826 1542 aliquid
841 1453 1050 1518 tribuendum
1073 1461 1158 1535 erat,
1182 1455 1349 1520 nonnullis

215 1573 325 1628 tamen
354 1559 522 1646 aliquanto
550 1558 624 1645 plus
652 1581 750 1646 quam
777 1561 929 1648 reliquis,
964 1560 1139 1647 praecipue
1175 1558 1283 1624 codici
1309 1564 1349 1637 ln,

216 1691 313 1758 quem
338 1666 495 1754 optimum
520 1665 606 1732 inter
631 1663 842 1730 Theocriteos
863 1687 935 1730 esse
954 1667 1173 1731 consentiunt.
1220 1665 1288 1730 Sed
1309 1665 1349 1730 de

216 1775 410 1842 auctoritate
427 1771 586 1836 librorum
606 1771 641 1835 in
659 1780 745 1836 tomo
759 1771 903 1837 secundo
924 1769 1064 1859 amplius
1079 1791 1245 1858 quaeram.
1284 1771 1351 1836 Ibi·

216 1885 289 1950 dem
310 1880 496 1946 accuratius
519 1875 658 1960 docebo,
680 1899 865 1964 quanquam
885 1878 919 1943 id
941 1899 981 1942 ne
1002 1875 1110 1942 obiter
1129 1878 1264 1964 quidem
1285 1877 1348 1942 Va

215 1991 297 2055 riam
325 1987 515 2052 Lectionem
549 1983 759 2070 perlustranti
792 1986 967 2050 obscurum
997 2002 1069 2046 esse
1100 1993 1224 2068 potest,
1261 1987 1347 2050 tristi

216 2095 357 2183 quodam
387 2091 456 2155 fato
485 2091 634 2154 evenisse
641 2140 651 2173 ‚
679 2099 715 2154 ut
744 2111 855 2155 omnes
881 2089 959 2155 libri
985 2088 1125 2154 bucolici
1151 2087 1250 2154 valde
1280 2111 1346 2154 cor-

215 2201 304 2287 rupti
326 2199 392 2262 sint
413 2217 453 2260 ns
472 2197 514 2260 iis
539 2195 670 2282 quidem
692 2199 855 2285 exceptis,
886 2199 942 2283 qui
969 2196 1069 2282 vulgo
1090 2197 1204 2284 optimi
1231 2195 1345 2261 haberi

216 2305 331 2371 solent.
373 2300 481 2382 Quum
511 2301 613 2386 igitur
640 2304 833 2390 saepissime
855 2302 964 2368 nullus
992 2325 1036 2368 ex
1063 2303 1213 2368 omnibus
1235 2324 1345 2368 veram

215 2411 387 2474 lectionem
425 2409 624 2491 servaverit,
657 2407 830 2495 aliquoties
869 2429 908 2472 ea
934 2407 968 2471 in
997 2406 1137 2473 Scholiis
1173 2407 1228 2474 vel
1260 2408 1346 2496 apud

215 2517 409 2602 scriptores,
436 2517 493 2602 qui
515 2515 737 2582 bucolicorum
760 2512 848 2580 locos
870 2512 1063 2596 attulerunt,
1086 2525 1254 2602 superstes
1281 2525 1346 2594 est3

215 2622 273 2688 sed
295 2621 502 2710 plerumque,
527 2611 555 2688 si
578 2621 761 2702 bucolicos,
784 2643 850 2686 non
870 2621 943 2686 dico
964 2621 999 2685 in
1021 2620 1258 2706 integritatem,
1289 2621 1347 2686 sed

215 2731 250 2794 in
270 2727 474 2794 tolerabilem
496 2727 639 2815 aliquam
661 2727 879 2792 conditionem
900 2728 1070 2792 restituere
1092 2727 1249 2810 velimus,
1276 2729 1347 2792 fieri

215 2858 280 2900 non
295 2843 402 2920 potest
421 2835 501 2920 quin
520 2834 562 2898 ab
581 2835 714 2920 ingenio
733 2834 894 2899 auxilium
915 2842 1054 2921 petatur.
1095 2831 1139 2896 Et
1160 2841 1252 2898 extat
1273 2856 1347 2900 con-

215 2943 411 3004 iecturarum
431 2940 466 3002 in
480 2939 652 3005 Bucolicos
671 2941 788 3028 ingens
804 2941 912 3027 copia,
937 2960 1033 3026 quam
1055 2939 1137 3004 meis
1153 2941 1347 3028 suspicioni·

214 3045 290 3128 bus,
320 3055 447 3132 partem
474 3045 510 3108 in
538 3054 664 3110 textum
690 3047 829 3132 receptis
850 3047 969 3132 partim
991 3045 1025 3108 in
1047 3043 1125 3109 Var.
1140 3045 1239 3111 Lect.
1261 3069 1348 3110 com·

214 3153 418 3236 memoratis,
448 3151 547 3216 etiam
575 3153 664 3218 auxi.
709 3153 749 3218 In
777 3152 975 3240 recipiendis
1006 3160 1114 3216 autem
1149 3153 1347 3217 coniecturis

214 3259 273 3324 has
292 3260 498 3348 potissimum
516 3258 648 3344 regulas
669 3269 800 3325 secutus
823 3282 910 3325 sum:

303 3369 330 3428 1.
356 3364 530 3430 Librorum
554 3365 727 3449 lectiones,
755 3388 840 3454 quae
861 3375 972 3453 aperte
993 3373 1107 3429 contra
1128 3363 1217 3450 leges
1239 3387 1347 3448 gram-

215 3469 350 3532 maticas
372 3472 565 3535 metricasvc
586 3482 724 3557 peccant
748 3471 803 3537 vel
826 3473 1007 3536 sententiae
1025 3471 1134 3559 aliquo
1155 3471 1237 3535 vitio
1257 3469 1348 3536 lobo-

213 3583 303 3656 rant,
333 3573 421 3658 quod
446 3582 544 3660 polita
572 3575 837 3659 indignissimum
866 3585 938 3658 est,
969 3598 1033 3640 non
1063 3577 1210 3641 toleravi.
1254 3577 1347 3658 Quas

213 3687 382 3766 corruptas
409 3699 480 3744 esso
507 3678 637 3743 facilius
662 3680 743 3744 mihi
770 3681 935 3766 persuasi,
969 3682 1028 3746 nbi
1054 3682 1206 3748 meliores
1241 3686 1348 3750 critici

213 3795 288 3850 ante
321 3807 373 3848 me
399 3783 486 3848 idem
516 3793 704 3866 senscrunt,
732 3783 915 3869 difficilius,
944 3787 1002 3854 ubi
1032 3787 1102 3876 ipse
1131 3791 1256 3876 primus
1279 3811 1347 3855 cor-

213 3889 373 3978 ruptelam
400 3890 464 3956 loci
491 3890 673 3978 intelligere
695 3891 775 3956 mihi
801 3893 892 3958 visus
914 3917 996 3960 sum.
1042 3895 1139 3960 Nolui
1162 3904 1271 3960 autem
1293 3919 1348 3962 us-

213 4019 310 4086 quam
331 4019 368 4063 eo
392 3998 585 4095 confugere,
616 4008 654 4063 ut
672 3999 828 4064 lectiones
850 4011 963 4088 aperte
984 4011 1153 4089 corruptas
1176 4004 1347 4068 asteriscis

213 4104 348 4170 remedii
367 4104 530 4193 desperati
553 4105 717 4171 indicibus
737 4107 895 4193 appositis
917 4109 1100 4172 retinerem.

299 4213 329 4275 2.
360 4211 571 4277 Lectionibus
598 4213 805 4300 antiquarum
835 4213 1013 4278 editionum
1040 4214 1097 4296 iis,
1130 4236 1213 4301 quae
1235 4217 1346 4301 potius

211 4321 343 4404 ingenio
360 4339 458 4406 quam
477 4317 571 4383 libris
587 4319 817 4406 manuscriptis
833 4319 946 4384 deberi
961 4318 1258 4407 deprehenduntur,
1278 4343 1346 4388 non

210 4424 284 4518 plus
305 4427 406 4495 tribui
428 4448 525 4518 quam
547 4424 621 4492 aliis
646 4427 855 4494 coniecturis.
