2980 5048
591 391 799 454 rassunmo.
1136 451 1149 468 .
1232 391 1269 440 xr

128 582 218 641 wem
235 565 281 626 ad
298 567 410 628 codin's
434 567 609 630 osannae
626 568 723 641 sidem
744 569 839 630 edidit
851 569 880 628 J.
904 569 1006 630 ΑΜ.
1033 567 1271 632 Turiei1843.“
1327 563 1332 582 ¹

129 663 195 744 Qui
228 685 295 728 non
326 663 434 730 solum
464 687 506 730 ex
534 664 646 732 codice
665 665 856 752 Genevensi
885 667 1009 740 inedita
1034 667 1183 754 protulit,
1212 665 1270 734 sed

132 767 231 830 etiam
251 787 295 830 ex
309 786 409 852 opere
426 766 593 844 Gallieno,
613 768 698 856 quod
716 768 784 854 lege
798 771 1000 855 incognitum
1020 768 1156 852 latebat,
1176 789 1270 857 quae·

29 863 33 868 ’
131 869 206 934 dam
234 867 367 932 addidit
388 869 474 956 apud
498 863 709 936 Gaisfordum
737 871 935 956 desiderata,
965 881 1174 960 utrorumque
1194 893 1271 938 vero

128 969 217 1035 haud
241 992 349 1058 pauca
371 972 404 1035 in
426 970 521 1036 Notis
543 973 685 1037 correxit
692 1023 708 1055 „
730 975 848 1060 partim
866 973 1071 1055 felicissime,
1098 985 1130 1040 et
1150 973 1270 1038 ibidem

128 1073 171 1138 ad
194 1072 322 1137 scholia
343 1072 420 1138 olim
443 1072 530 1137 edita
550 1073 672 1160 aliquot
688 1077 799 1146 varias
821 1076 977 1156 lectiones
1000 1099 1042 1142 ex
1057 1077 1139 1142 Gen.
1163 1085 1271 1140 enota-

129 1177 188 1238 vit
210 1213 255 1222 -
277 1179 432 1254 Zieylersu
460 1177 493 1240 in
520 1175 662 1242 editione
687 1176 851 1244 Theocriti
877 1201 905 1242 a.
933 1181 1011 1244 1844
1039 1180 1123 1244 inter
1146 1180 1270 1246 varium

130 1276 306 1344 lectionem
337 1278 553 1365 paucissimas
586 1279 745 1366 quasdam
779 1280 926 1346 codicum
958 1280 1115 1346 Italorum
1144 1287 1272 1367 glossas

129 1379 254 1444 attulit.
883 1463 892 1470 ι
1015 1401 1016 1406 ’

220 1479 413 1546 Novissima
449 1479 651 1548 Scholiorum
689 1483 789 1550 editio
822 1489 978 1571 Rusonem
1010 1507 1082 1567 meo
1119 1484 1272 1551 debetur:

130 1635 149 1660 ,,
157 1588 280 1652 Scholia
307 1592 338 1648 in
363 1587 558 1650 Theocritum.
594 1589 736 1650 Auctione
758 1593 891 1652 reddidit
910 1599 939 1653 et
960 1595 1149 1654 annotatione
1169 1595 1274 1654 critico
1303 1623 1305 1628 ·

131 1693 276 1751 marturii
292 1692 349 1750 Fr.
367 1691 498 1784 ⁸Diidner.
521 1693 646 1752 Parisiis
673 1689 790 1752 1849.“
835 1688 942 1775 (Idem
963 1689 1116 1754 volumen
1135 1687 1273 1776 comple·

131 1791 230 1854 ctitur
256 1787 384 1854 scholia
412 1791 447 1852 in
470 1787 671 1855 Nicandrum
693 1800 727 1856 et
747 1790 932 1878 Oppianum
954 1791 1004 1856 ed.
1028 1789 1273 1875 Bussemaker.)
1308 1811 1315 1818 ·

132 1891 312 1956 Dirbnerus
335 1900 462 1956 textum
480 1891 667 1958 Gallianum
687 1901 842 1981 sequutus
865 1902 929 1975 est,
954 1892 1011 1958 sed
1030 1893 1158 1958 omissis
1179 1891 1274 1958 levis·

131 1994 223 2057 simis
253 1992 405 2058 codicum
434 1993 656 2060 Parisinorum
682 1995 818 2080 glossis,
846 2005 960 2060 eontra
987 1995 1126 2080 receptis
1148 1993 1273 2060 addita·

132 2097 252 2160 mentis
281 2095 542 2178 Gaisfordianis,
571 2099 599 2161 si
632 2119 697 2184 qua
722 2096 851 2164 Gailius
879 2095 1085 2184 neglexerat,
1114 2104 1146 2161 et
1172 2095 1275 2162 Ader-

134 2197 230 2262 tisnis
258 2217 304 2261 ex
337 2197 450 2264 codice
483 2196 686 2283 Genevensi3
716 2198 855 2282 scholia,
885 2221 968 2286 quae
994 2199 1058 2264 sibi
1084 2198 1276 2286 Byzantinis

135 2299 318 2364 vetustiora
351 2298 558 2383 viderentur,
589 2302 755 2366 asteriscis
787 2302 922 2367 notant.
974 2301 1140 2374 Correctio
1170 2301 1275 2366 rarius

133 2400 283 2466 adhibita
305 2411 356 2466 est
378 2422 438 2466 neo
459 2423 560 2488 pauca
579 2404 700 2467 vitiosa
720 2404 850 2485 relicta,
877 2424 963 2490 ¹quae
985 2404 1056 2491 jam
1078 2403 1275 2470 Gaislordus

133 2505 255 2568 rectius
272 2503 432 2569 ediderat.
464 2503 569 2569 Multo
587 2505 805 2592 laudabiliora
822 2507 985 2593 praestitit
1000 2506 1035 2572 in
1046 2506 1276 2572 Adnotatione.

131 2606 184 2670 Ad
214 2605 301 2670 hanc
329 2606 414 2670 enim
443 2607 646 2692 potissimum
674 2610 857 2695 pertinent,
888 2629 971 2695 quac
1003 2609 1073 2696 ipse
1098 2608 1276 2692 Diibnerus

133 2708 242 2773 Praei.
265 2730 298 2794 p.
319 2725 367 2772 lx.
391 2707 431 2773 de
448 2729 548 2794 opera
570 2730 630 2774 sua
650 2709 834 2794 praedicat:
857 2731 986 2798 „quum
1006 2710 1213 2776 incredibilia
1234 2735 1277 2776 ex

134 2811 200 2877 suis
223 2810 396 2876 codicibus
419 2810 556 2874 referret
576 2810 677 2874 multa
704 2809 849 2894 Gsilius,
879 2815 1202 2895 omnesrctraotsvi,
1232 2816 1278 2878 ita

135 2911 267 3000 quidem
289 2923 326 2976 ut
346 2913 485 3000 primum
504 2913 712 3000 antiquorum
734 2913 929 2980 scholiorum
948 2914 1116 3002 reliquias,
1142 2909 1276 2980 ubicun-

136 3037 197 3102 que
220 3023 434 3103 apparerent,
455 3025 607 3080 accurate
628 3023 830 3097 excuterem,
852 3013 1033 3102 byzantina
1051 3019 1277 3104 praeterirem,

135 3117 255 3184 deinde
285 3119 321 3180 in
351 3115 402 3180 his
433 3138 561 3205 quoquc
593 3125 625 3182 et
652 3117 770 3204 glossis
799 3139 1011 3204 quaeeunque
1042 3118 1278 3184 dubitationem

136 3217 329 3300 movebant,
354 3219 513 3305 quomodo
534 3221 655 3306 scripta
682 3229 793 3284 essent
819 3219 1066 3306 contemplarer.
1112 3217 1166 3284 Sic
1186 3241 1279 3306 prae·

136 3321 248 3386 sanim
268 3341 311 3384 ex
333 3320 502 3386 codicibus
524 3323 564 3384 L.
581 3321 626 3384 Μ.
645 3321 681 3386 P.
708 3321 795 3396 haud
815 3321 1053 3388 contemnenda
1071 3343 1183 3386 eruere
1205 3343 1279 3388 con·

133 3423 225 3507 tigit3
260 3424 295 3487 in
323 3422 460 3510 reliquis
487 3424 666 3489 bonitatem
695 3427 800 3510 magis
829 3445 926 3510 quam
954 3445 1059 3488 meam
1087 3422 1279 3490 industriam

134 3525 272 3590 lectores
294 3525 564 3590 desiderabunt.“
607 3526 647 3590 In
662 3526 882 3592 Annotatione
905 3525 1022 3611 igitur,
1046 3545 1128 3612 quae
1151 3524 1279 3594 Gallius

135 3627 188 3692 vel
209 3627 244 3692 in
267 3637 363 3693 textu
387 3627 440 3694 vel
461 3629 495 3694 in
512 3629 606 3694 varia
626 3627 764 3694 lectione
785 3649 827 3692 ex
842 3627 1001 3694 Parisinis
1023 3629 1213 3715 protulerat,
1231 3653 1279 3696 re·

133 3731 283 3794 tractatis
322 3729 490 3796 codicibus
529 3752 628 3818 saepe
665 3732 824 3816 castigata
858 3738 892 3794 et
929 3738 1027 3794 aucta
1064 3731 1279 3818 reperiuntur.

136 3831 314 3898 Praeterea
342 3833 471 3918 glossae
492 3833 671 3898 Vaticanae
698 3843 730 3897 et
759 3833 1011 3911 Laurentianus,
1041 3855 1122 3921 quas
1150 3835 1280 3901 Gallius

136 3935 350 4022 neglexerat,
365 3935 418 4001 hic
433 3936 611 4022 appositae.
649 3935 801 4021 Denique
822 3933 991 4000 Duebneri
1013 3957 1150 4002 acumen
1172 3946 1205 4001 et
1226 3937 1281 4002 do·

136 4039 241 4102 ctrina
276 4038 312 4100 in
347 4045 416 4101 tota
448 4035 644 4102 scholiorum
680 4037 846 4119 farragine
876 4035 978 4102 multa
1012 4038 1216 4104 illustrarunt
1249 4046 1281 4104 et

135 4139 370 4220 emendarunt,
392 4139 627 4226 adjuvantibus
650 4138 831 4203 Hamakeri
849 4138 1019 4227 Geeliique
1039 4151 1072 4205 et
1086 4138 1204 4206 Aderti
1226 4138 1281 4204 ob-

136 4240 382 4308 servationibus
404 4251 436 4307 st
457 4240 588 4306 Piccolo
609 4240 800 4326 Neograeco
825 4243 919 4306 utilia
942 4242 1101 4327 quaedam
1127 4241 1281 4304 submini-

134 4353 269 4410 strante.
318 4343 422 4408 Valde
442 4343 628 4426 dolendum,
646 4343 732 4430 quod
747 4343 943 4410 Duebnsrus
962 4339 1067 4430 neque
1084 4343 1212 4425 integra
1229 4363 1279 4406 eo-

133 4445 214 4512 dicis
237 4446 444 4512 Genevensis
467 4447 655 4530 collatione,
687 4467 784 4534 quam
808 4446 951 4510 Adertus
974 4465 1071 4530 opere
1089 4443 1160 4528 jam
1184 4441 1276 4510 abso·
