2968 5060
605 389 813 438 essartum.
1200 385 1274 436 uvu

184 541 260 602 Bas.
285 539 330 628 1.]
368 545 622 625 Θεοκρίτου
650 581 693 590 -
730 537 977 623 Πτερύγιον
1005 541 1061 626 (ut
1089 541 1123 603 in
1154 536 1271 622 Gall).

102 647 252 708 Theocriti
266 651 417 726 idyllia,
445 653 506 713 hoe
524 661 568 713 est
582 671 684 732 parua
697 661 839 730 poemata
853 656 945 712 XXX
950 655 1000 710 VI.
1037 651 1176 710 Eiusdem
1191 649 1269 725 Epi-

94 763 270 826 qrunmatu
299 761 403 818 XIX.
447 759 593 820 Eundem
616 761 762 836 Brpmuis
788 765 817 820 et
843 760 912 818 Ate.
959 751 999 816 In
1025 751 1130 816 ealoe:
1159 741 1271 814 ’Erv-

97 849 217 938 κόθη
256 855 306 922 ἐν
354 855 661 945 σιασημοτάτῃ
697 859 776 924 τῶν
805 850 1036 940 Ῥαυρακτόν
1071 859 1270 942 Βασιλείᾳ

98 954 206 1040 παρὰ
243 955 465 1053 usupare
494 962 749 1053 Κρατάνσρῳ
778 963 871 1048 μηνὶ
903 961 1268 1046 Σκιρροφοριῶνι,

97 1069 181 1132 ἔτει
207 1063 256 1134 σὲ
287 1061 381 1137 ἀπὸ
407 1073 482 1157 τῆς
504 1073 578 1137 τοῦ
604 1070 784 1155 Χριστοῦ
810 1066 1050 1155 γεννήσεως
1071 1065 1270 1156 χιλιοστῷ

99 1179 487 1268 κεντακοσιοστῷ
507 1176 754 1264 τριακοστῷ.
789 1176 954 1264 (Basileae
969 1197 1022 1262 ap.
1038 1173 1269 1256 Cratandrum,

104 1283 212 1369 1530.)
229 1287 262 1349 8.
287 1283 335 1348 In
349 1285 516 1374 Epistola
532 1284 779 1372 Nuneupatoria
791 1282 948 1347 editorem
965 1303 1000 1346 se
1019 1281 1191 1368 profitetur
1208 1285 1265 1345 At-

100 1389 199 1452 buaus
229 1393 389 1456 Turinus.
437 1391 558 1456 Insunt
580 1400 613 1456 et
635 1391 753 1456 iubae
775 1389 917 1455 editione
943 1397 975 1452 et
996 1389 1031 1452 in
1054 1386 1269 1474 sequentibus

102 1501 180 1555 ante
199 1491 326 1582 Stepb.
345 1515 373 1563 1.
396 1499 515 1564 eadem
536 1499 683 1564 earmina
703 1506 736 1562 et
754 1495 867 1560 eodem
889 1494 1004 1558 ordine
1022 1501 1119 1578 atque
1135 1493 1169 1556 in
1185 1491 1269 1558 Call.

106 1596 145 1661 ln
166 1604 331 1686 margine
363 1603 497 1689 aliquot
518 1605 631 1669 variae
659 1603 814 1668 lectiones
843 1600 985 1666 additae.
1031 1600 1097 1686 (De
1120 1601 1270 1666 versione

107 1703 259 1792 Eobsni,
284 1733 388 1798 quae
407 1710 509 1796 vulgo
528 1711 703 1792 adhaeret,
726 1708 794 1772 vid.
818 1711 849 1788 ξ.
869 1705 934 1789 10.)
979 1705 1170 1791 Exemplari
1192 1729 1272 1772 usus

110 1831 203 1893 sum,
228 1816 329 1900 quod
358 1817 527 1882 Ameisius
551 1814 708 1904 possidet.

201 1922 304 2010 Cum]
326 1923 576 2004 Θεοκρίτου
594 1959 635 1968 —
652 1911 902 2001 Πτερύγιον
921 1917 971 2004 (ut
991 1920 1025 1982 in
1041 1916 1126 1982 Call.
1144 1927 1177 1982 et
1195 1919 1271 1985 Bas.

114 2027 162 2106 1.).
209 2023 252 2090 In
277 2028 398 2092 calce:
429 2020 672 2108 torrentior
697 2021 740 2088 ἐν
766 2014 937 2108 dyonea
957 2016 1070 2104 παρὰ
1089 2016 1201 2088 ’Iunci
1223 2025 1275 2113 τῷ

114 2135 306 2219 σεκερίῳ
328 2135 417 2198 ἔτει
438 2123 520 2196 ἀπὸ
542 2132 616 2215 riis
635 2131 884 2213 teupertus.
908 2125 947 2193 u'.
969 2153 1005 2214 φ.
1024 2133 1053 2194 t.
1079 2131 1273 2216 (Haganoae

116 2259 169 2323 ap.
192 2237 324 2304 Ianum
350 2237 659 2322 Seeerium.153tt.)
683 2239 712 2301 8.
758 2236 876 2301 Editor
898 2245 950 2300 est
970 2241 1142 2304 leucttuus
1165 2245 1272 2305 Cente-

117 2353 240 2422 ren'us‚
272 2357 317 2410 ut
349 2354 486 2432 apparet
514 2365 558 2408 ex
586 2345 658 2408 eius
687 2342 825 2430 epistola
847 2343 976 2408 Graeca
998 2345 1087 2432 operi
1113 2347 1269 2434 praelixa.

120 2449 213 2516 Idem
240 2451 381 2518 addidit
409 2450 547 2515 brevem
572 2449 808 2536 praefationem
834 2458 867 2514 et
892 2448 1018 2537 aliquot
1041 2453 1270 2518 adnotationes

122 2559 251 2638 (omnia
296 2557 439 2642 Graece)
474 2579 549 2621 eum
586 2553 688 2618 variis
721 2555 915 2640 quibusdam
952 2557 1164 2642 lectionibus,
1203 2569 1270 2624 tum

124 2665 361 2752 supplementa
383 2662 573 2750 idylliorum
599 2659 736 2724 Theocr.
766 2677 838 2726 xlx.
869 2665 949 2728 exit.
973 2675 1006 2730 et
1028 2665 1096 2730 lne.
1125 2683 1174 2730 lx.
1198 2666 1270 2728 init.

125 2767 177 2833 De
194 2771 335 2838 Embani
351 2771 518 2850 versione,
541 2791 625 2856 quae
644 2766 746 2852 vulgo
764 2767 936 2854 adhaeret,
959 2773 1027 2837 vid.
1045 2776 1075 2854 ξ.
1097 2777 1145 2836 10.
1187 2772 1272 2836 Con·

127 2875 203 2941 tulit
226 2876 422 2962 Zieglerus3
445 2876 517 2962 ipse
539 2873 718 2960 exemplari
740 2873 950 2958 Gottingensi
971 2901 1049 2942 usus
1068 2901 1151 2942 sum.

212 2983 554 3076 Sut.]·8eonotrov
576 3017 618 3028 —
639 2986 696 3043 Ala
719 2984 770 3065 (ut
791 2980 826 3042 in
846 2979 925 3046 Bas.
947 2985 999 3068 1.).
1046 2989 1172 3048 Venetits
1189 2987 1276 3062 apud

132 3093 380 3154 memorerm.
396 3091 440 3150 M.
450 3091 486 3149 lt.
495 3091 650 3150 XXXIX.
671 3085 711 3149 In
726 3083 832 3148 ealee:
859 3092 986 3152 Venetus
1000 3097 1032 3153 iu
1048 3095 1172 3153 αεσίὺιιε
1186 3093 1274 3152 Bor-

132 3201 293 3262 ttolomuei
316 3195 511 3258 deZenettr's.
554 3193 638 3255 Anno
659 3213 678 3254 ο
698 3201 792 3270 partu
812 3196 936 3268 σίτρίιιίε
957 3197 999 3254 M.
1017 3197 1224 3257 ramum.
1247 3204 1274 3256 8.

136 3338 177 3348 —
205 3299 316 3364 Prava
346 3296 501 3362 editionis
529 3293 606 3360 Bas.
632 3313 655 3360 1.
686 3293 855 3381 repetiti0,
892 3295 979 3358 unde
1008 3297 1082 3382 ipsa
1116 3297 1275 3384 praefatio

136 3405 258 3472 Albani
296 3405 365 3490 (bio
391 3400 523 3487 lutum)
558 3402 673 3467 Torini
702 3404 821 3466 iterata
851 3409 911 3463 est.
958 3399 1065 3488 Vulgo
1094 3403 1274 3469 adbaerent

138 3511 268 3578 b'ebolia
299 3532 374 3574 eum
401 3509 514 3574 eodem
543 3508 607 3574 loci
636 3517 669 3574 et
695 3510 773 3573 anni
794 3505 917 3570 indicio
940 3515 972 3572 et
999 3509 1032 3572 in
1057 3509 1152 3574 titulo
1176 3519 1208 3574 et
1235 3513 1270 3576 in

138 3618 390 3704 subscriptione.
435 3615 585 3682 Contulit
607 3614 780 3697 Reiskius5
803 3615 874 3700 ipse
896 3635 976 3679 usus
999 3638 1068 3682 sum
1090 3616 1273 3704 exemplari

137 3724 361 3810 Gottingensi.

220 3826 344 3916 Blaut]
370 3827 600 3906 Θεοκρίτου
620 3863 663 3874 -
684 3832 741 3890 Alo
768 3827 879 3911 (utin
907 3827 1099 3914 prioribus).
1140 3831 1272 3892 Floren-

137 3945 193 4000 tiae
217 3955 276 4014 per
302 3937 500 3998 Bowdtctum
528 3935 657 3997 lurtum.
684 3935 882 3997 Meffllr.
916 3943 942 3996 8.
976 3969 1019 3980 -
1051 3933 1272 3998 vitiosissima

137 4039 360 4105 antecedentis
372 4039 527 4125 repetitio
539 4040 610 4103 sine
624 4037 754 4102 seboliis
769 4045 801 4100 et
813 4039 943 4102 omissis
958 4037 1162 4125 praefatione
1174 4046 1273 4124 atque

139 4145 179 4224 (si
196 4153 285 4210 reete
298 4145 451 4230 memini)
465 4145 678 4229 argumentis.
699 4143 787 4208 Usus
798 4165 869 4207 sum
881 4143 1063 4231 exemplari
1075 4141 1267 4208 Dresdensi.

217 4255 292 4315 Bes.
312 4249 372 4339 IL]
399 4231 641 4330 Θεοκρίτου
663 4285 705 4296 -
724 4253 782 4311 Ala
808 4251 858 4334 (ut
881 4250 915 4312 in
941 4245 1134 4335 prioribus).
1174 4253 1275 4313 Ρτοι-

141 4369 180 4422 trr
199 4363 275 4422 hoec
297 4375 458 4421 accessere
481 4357 602 4418 Scholia
623 4360 776 4419 utilissime
798 4357 970 4418 Zucturr'ue
992 4355 1148 4426 entrare,
1170 4354 1275 4418 Ιισιίι-

136 4485 186 4530 ιιι
198 4471 312 4548 puuer's
342 4468 421 4528 uisa.
455 4461 598 4524 Bussteue
619 4463 664 4524 M.
679 4463 717 4524 D.
735 4463 820 4526 XLI.
863 4455 903 4520 In
923 4458 1031 4522 calce:
1060 4459 1200 4521 Bustteoe
1217 4481 1276 4540 per
