2978 5058
256 367 320 432 362
627 380 778 430 εοειοιιε
801 383 846 430 ευ
868 381 1035 434 onosma.

257 533 313 604 καλ
335 527 376 620 δὴ
403 527 578 619 ἐπιβάντες
597 533 656 619 τῆς
680 525 880 620 Ἀργοῦς-
899 535 999 601 τοῦτο
1025 527 1088 620 γάρ
1111 527 1132 620 ἡ
1160 536 1244 612 ναῦς
1267 528 1408 621 ὠνομά-

257 643 328 718 ζετο
345 677 385 688 -
405 631 509 702 νότου
528 636 684 722 λαμπροῦ
704 636 867 714 πνέοντος
886 635 982 723 μέχρι
1004 639 1115 722 τρίτης
1134 629 1258 722 ἡμέρας
1277 639 1326 714 είς
1346 630 1409 704 τόν

251 731 501 824 Ἑλλήσποντον
520 737 646 804 ἵκοντο.
682 730 777 816 έντός
797 734 833 804 δέ
853 739 911 824 τῆς
925 741 1162 824 Προποντίδος
1178 731 1343 825 ὥρμησαν
1359 742 1410 815 είς

258 835 318 908 τόν
337 835 444 906 τόπον
464 839 531 906 τῶν
548 839 703 922 Κιανῶν,
730 837 768 905 έν
789 826 817 930 ρό
841 841 877 906 οί
899 838 978 925 βόες
1004 833 1241 926 ιἰροτριοῦντες
1269 834 1409 927 εῦρεϊαν

223 955 240 1008 ⁵
258 935 320 1026 τὴν
341 933 473 1008 αὔλακα
489 941 626 1007 ποιοῦσι
647 937 703 1006 καλ
719 944 959 1026 κατατρίβουσι
980 935 1042 1028 τὴν
1063 943 1129 1028 γῆν
1150 943 1197 1032 τῷ
1216 933 1348 1031 άρότρφ
1362 983 1407 993 -

258 1047 328 1110 ἔστι
346 1039 384 1109 δέ
406 1036 444 1109 τό
465 1035 548 1109 όλον
569 1033 779 1128 περίφρασις.
816 1046 899 1120 Κίος
918 1039 955 1108 δέ
973 1037 1069 1120 πόλις
1089 1037 1175 1128 πρός
1190 1036 1253 1128 τὴν
1271 1041 1315 1108 εἰο
1333 1068 1408 1110 κει-

256 1143 340 1231 μένη
361 1145 420 1230 τῆς
436 1145 686 1230 Προποντίδος·
711 1144 747 1210 οί
758 1139 795 1210 δέ
809 1139 872 1236 τὴν
886 1148 974 1210 Κίον
988 1145 1163 1222 οἰκοῦντες
1178 1147 1312 1210 Κιανοί.
1335 1144 1406 1210 ’έκ-

256 1244 376 1332 βάντες
397 1244 435 1312 δέ
440 1297 449 1328 ‚
473 1245 530 1330 τῆς
546 1239 627 1330 νηός
644 1239 817 1331 δηλονότι,
839 1239 969 1312 σύνδυο
990 1247 1131 1313 δεῖπνον
1145 1244 1335 1313 ἐπονοῦντο
1352 1245 1406 1312 ἐπὶ

256 1341 316 1413 τόν
336 1339 489 1431 αἰγιαλόν
512 1341 598 1413 κατά
620 1339 681 1413 τόν
702 1341 822 1431 καιρόν
848 1347 905 1432 τῆς
925 1350 1044 1433 δείλης.
1089 1351 1209 1434 κοίτην
1228 1345 1265 1414 δὲ
1289 1343 1408 1432 ἐποιη-

206 1465 240 1517 lo
257 1467 359 1514 σαντο
381 1451 462 1534 μίαν
483 1449 614 1515 πολλοί.
659 1447 833 1532 προέκειτο
856 1441 919 1534 γάρ
941 1441 1055 1526 αύτοῖς
1077 1441 1220 1534 λειμών,
1249 1442 1341 1526 ὅστις
1364 1437 1408 1533 ἦν

257 1542 401 1637 ιόφέλεια
420 1551 487 1616 νῦν
506 1551 707 1637 στρωμνοῦν,
732 1549 765 1630 ἐξ
786 1535 920 1628 οῦτινος
942 1551 1104 1636 λειμῶνος
1127 1553 1265 1630 ἔκοψαν.
1277 1546 1408 1636 βοῦτο-

256 1677 322 1739 μον
344 1645 404 1734 ὀξύ
424 1651 480 1719 καλ
498 1649 670 1735 κύπειρον.

718 1803 777 1870 Vs.
800 1809 936 1872 36-44.

340 1949 412 2010 Rec.
442 1934 603 2025 Κῦχετο
621 1931 764 2018 ’Ὺλλας
785 1932 804 2007 ό
827 1935 996 2020 ξανθόςε
1027 1931 1045 2006 ό
1067 1939 1165 2016 νοῦς·
1193 1938 1250 2004 καὶ
1271 1931 1408 2016 δ”Τλας

204 2065 237 2118 15
256 2039 274 2113 ὁ
290 2039 415 2126 ξανθὸς
428 2041 598 2128 ἐπορεύθη
615 2045 765 2129 κομίσων
778 2036 872 2126 ὕδωρ
887 2041 1095 2108 έπιδείπνιον
1109 2041 1210 2108 ἕνεκα
1226 2041 1290 2107 τοῦ
1300 2033 1407 2127 Ἡρα-

255 2148 374 2225 κλέους
393 2143 449 2213 καλ
469 2148 530 2213 τοῦ
547 2145 692 2232 στερροῦ
713 2145 910 2229 Τελαμῶνος
930 2141 986 2208 καλ
1002 2142 1187 2230 ἐμβριθοῦς
1208 2137 1272 2228 τὴν
1292 2137 1408 2229 ψυχὴν

253 2241 275 2336 ἢ
301 2241 476 2336 άκαμποῦς
511 2245 566 2314 καί
597 2246 748 2333 σκληροῦ
770 2245 932 2312 -τοῦτο
960 2241 1024 2330 γάρ
1057 2243 1126 2311 ἐστι
1158 2238 1196 2311 τό
1226 2239 1404 2330 άστεμφεῑ,

255 2351 360 2418 οίονελ
381 2345 543 2437 άστρεφεῖ
555 2389 595 2398 -
610 2349 731 2426 οἵτινες
753 2342 873 2434 κοινὴν
887 2346 1064 2414 ἐποιοῦντο
1081 2343 1258 2432 τράπεζαν.
1300 2341 1404 2440 ᾤχετο

255 2451 292 2521 δέ
315 2446 444 2530 δ”Υλας
465 2451 598 2536 κρατοῦν
621 2451 716 2534 ξίφος
738 2449 910 2536 σιδηροῦν.
955 2450 1078 2535 ταχέως
1100 2445 1136 2516 δέ
1156 2445 1291 2535 κρήνην
1314 2447 1405 2516 εἶδεν

202 2576 238 2628 20
256 2559 294 2622 έν
315 2579 382 2620 τινι
402 2548 498 2642 χοίρῳ
525 2553 626 2640 κοίλφ
648 2549 703 2617 καλ
725 2550 830 2618 οέονελ
851 2550 1048 2640 καθημένῳ·
1077 2545 1344 2637 παρακεφύκασι
1367 2549 1402 2616 δέ

253 2653 357 2744 ταύτῃ
384 2649 527 2741 βοτάναι
556 2658 695 2736 πολλαί,
729 2653 814 2740 λέγω
839 2648 951 2737 θρύα,
987 2649 1177 2737 χελιδόνιον
1206 2651 1317 2736 μέλαν
1346 2651 1402 2718 καί

251 2753 413 2824 άδίαντον
437 2751 570 2841 χλωρόν
597 2754 653 2823 καί
675 2756 789 2822 σέλινα
811 2748 942 2840 θαλερά
969 2751 1024 2820 καὶ
1050 2749 1216 2839 ῦνρωστις
1244 2747 1266 2839 ἡ
1290 2779 1402 2820 τεινο-

251 2859 333 2945 μένη
361 2852 428 2943 ἅμα
450 2856 506 2922 καλ
527 2857 732 2942 ἑλισσομένη.
776 2855 881 2941 μέσον
906 2853 944 2921 δέ
972 2857 1028 2941 τῆς
1050 2851 1175 2941 κρήνης
1198 2857 1237 2920 αλ
1258 2849 1402 2941 Νύμφαι

251 2955 582 3047 ἐχόρευον-τοῦτο
607 2953 671 3044 γάρ
693 2957 762 3025 έστι
784 2953 822 3023 τό
851 2953 979 3044 χόρον
1006 2951 1224 3043 άρτίζοντο
1249 2999 1293 3007 -
1315 2959 1400 3043 λέγω

199 3084 233 3137 25
252 3065 289 3128 αί
308 3056 451 3146 Νύμφαι
484 3063 521 3127 αί
543 3060 678 3146 μηδέπω
711 3061 757 3150 τῷ
784 3054 881 3150 ῦπνφ
912 3054 1155 3143 δουλεύουσαι,
1192 3061 1230 3126 αί
1256 3047 1401 3146 φοβεραὶ

252 3178 321 3242 τοῖς
342 3157 513 3252 άγροίκοις
532 3165 621 3229 θεαί.

756 3281 813 3348 Vs.
836 3286 888 3346 40.

346 3413 406 3472 Vel.
436 3403 539 3488 Θρία
558 3394 703 3466 πολλάι
726 3403 830 3486 θρίον
852 3401 976 3484 κυρίως
997 3392 1035 3465 τό
1057 3400 1114 3484 τῆς
1136 3399 1245 3484 συκῆς
1267 3397 1397 3484 φύλλον

316 3596 364 3676 36)
382 3589 416 3656 Ὁ
431 3585 545 3675 ὡραῖος.
564 3595 607 3653 Μ.
622 3629 658 3640 -
677 3583 746 3652 Ἐπί
759 3593 802 3674 τῷ
817 3589 936 3676 δείπνῳ.
951 3593 1045 3652 Μ.-
1066 3591 1190 3651 ΟΙΣΩ
1200 3593 1247 3652 N:
1269 3585 1397 3654 σύναπτε
1485 3671 1486 3674 ¹

198 3689 234 3742 30
252 3679 385 3741 ἐνταῦθα
399 3670 432 3739 τό
447 3671 573 3756 χάλκεον
587 3671 677 3758 άμγος
693 3673 776 3755 ἔχων.
792 3679 808 3712 *
816 3679 858 3737 M.
874 3679 891 3712 *δ
900 3679 938 3758 Q.
1485 3681 1486 3720 ί

313 3766 361 3844 37)
379 3757 516 3844 Ἰσχυρςό,
531 3752 744 3846 άμετακινήτιμ.
761 3763 802 3822 Μ.
823 3750 961 3844 άνδρείιμ.
982 3761 1017 3821 O.

312 3851 361 3928 38)
385 3849 445 3925 [Οἳ
458 3848 499 3925 μί
504 3847 572 3928 αντ]
591 3841 641 3907 διά
651 3843 749 3925 μέσον.
766 3857 793 3912 6.
820 3837 836 3907 ό
849 3839 1009 3928 Ἡρακλῆς,
1024 3835 1041 3906 ό
1054 3835 1196 3924 Τελσμόιν
1208 3845 1262 3906 καλ
1274 3837 1396 3920 όὟλας.

248 3937 285 3996 L.
301 3969 341 3979 -—
362 3921 734 4033 E'1'1toagofivto,sgxomgl.⁸
1484 3951 1485 3960 ε

311 4017 358 4099 39)
374 4021 410 4116 Ἐ
417 4017 559 4078 ΓΧΟΣε
577 4038 668 4097 αγγος
679 4039 739 4080 απο
749 4017 803 4078 τοῦ
812 4013 962 4097 ἐγχεῖσθαι
975 4013 1007 4076 έν
1018 4006 1101 4100 αὐτῷ
1111 4006 1247 4098 τόῦδωρ,
1265 4015 1328 4080 *h
1341 4015 1396 4080 *R

196 4115 231 4172 35
248 4141 291 4152 -
310 4109 431 4184 Ταχεοις.
449 4103 482 4165 0.
509 4101 585 4175 ἴσως.
607 4105 650 4164 Μ.
682 4140 687 4149 -

283 4275 312 4342 6)
325 4271 571 4340 Κίος...Προιτ.]
585 4271 656 4331 Κίος
667 4269 699 4324 δέ
710 4289 741 4325 τι.
752 4269 803 4337 τῆς
839 4267 964 4326 (λεν-λ’·
1028 4269 1072 4336 λδ)
1098 4269 1202 4336 πτεροῦ
1225 4277 1294 4325 ante
1315 4273 1394 4326 Brub.

249 4338 423 4412 ΠρῆΚίος
435 4336 467 4394 δέ
479 4335 562 4403 πόλις
575 4336 647 4407 πρός
659 4360 683 4394 τ,
697 4339 733 4394 &m
746 4357 802 4393 κει·
839 4335 1146 4408 Ιθ)οίδενουιεΗείιιε.
1175 4337 1395 4411 λ1)θρῦα]εοεο
1483 4349 1484 4392 λ

247 4417 318 4480 μένη
340 4415 412 4479 vulg.
467 4414 495 4480 8)
517 4405 683 4478 ἐπονοῦντο]
708 4406 799 4463 έποιν.
837 4413 948 4475 Κείου,
965 4407 1038 4474 θρία
1056 4411 1130 4472 τοὶς.
1171 4411 1396 4478 ’28)ίβ(λεο.“.

247 4491 312 4533 ante
329 4484 427 4544 mab..
453 4473 605 4534 έποιοῦντο
628 4484 701 4548 vulg.
757 4481 800 4548 12)
838 4482 883 4533 Ιιίο
905 4487 968 4548 post
985 4478 1170 4544 κολλητζίδαν
1193 4498 1260 4550 pag.
1278 4485 1342 4538 364.
1360 4487 1397 4548 ιι,

245 4547 293 4599 καλ
318 4565 370 4599 om.
395 4553 462 4600 ante
485 4552 580 4604 Heius.
642 4551 685 4617 14)
706 4547 800 4617 llOm.
837 4555 952 4618 uterque
965 4551 1023 4604 εἰοε
1033 4549 1170 4603 lemmate.
