2980 5048
248 383 308 436 XVI
501 403 509 428 t
713 383 922 440 samaram.

248 559 341 624 initio
376 555 573 624 exhibentur
606 561 717 625 variae
751 559 908 626 lectiones
945 559 1292 649 praefatiunculam.
1345 557 1403 624 Ex

249 659 381 724 scholiis
418 659 597 726 Wartonus
630 683 735 748 panca
761 663 912 749 protulit,
941 661 1008 728 vid.
1038 663 1068 741 fi.
1102 667 1134 736 ι,
1161 661 1267 726 multo
1297 663 1402 749 plura

249 760 454 826 Gaislordns.
483 799 521 810 —-
551 763 725 828 Praeterea
750 766 837 828 inter
858 765 968 852 copias
996 762 1318 828 Sanctamandianas
1342 785 1402 828 cx-

246 873 318 928 tant
338 862 467 949 glossae
488 863 611 928 codicis
632 888 663 952 p.
688 865 872 930 aSalvinio
889 867 1090 952 exscriptae,
1112 867 1276 951 pessimae
1294 875 1400 930 notae

241 965 354 1052 judice
370 965 544 1047 wartono,
567 967 622 1054 qui
645 968 859 1054 paucissimas
882 967 958 1032 inde
981 967 1116 1033 tradidit
1134 990 1166 1055 p.
1184 983 1215 1032 v.
1238 976 1272 1032 et
1293 965 1398 1046 alibi3

246 1089 343 1131 unam
366 1066 506 1132 aliamve
528 1067 698 1153 Zieglerns
717 1068 837 1134 attulit.

330 1201 359 1290 q]
398 1201 497 1266 Teste
524 1202 686 1270 Bandinio
716 1215 839 1293 partem
864 1203 1171 1290 Prolegomcnorum
1204 1203 1309 1269 hahet
1340 1205 1394 1290 (ιι.

245 1321 290 1368 ιι.
313 1303 479 1390 usquead
501 1302 723 1389 ἐξηρτημένον
743 1329 775 1392 p.
799 1311 836 1390 5,
861 1312 896 1389 7,
918 1309 1029 1392 ιἰιι.),
1052 1317 1120 1370 turn
1141 1305 1343 1393 hypotheses
1361 1315 1394 1368 et

246 1404 369 1471 scholia
387 1405 582 1491 marginalia
605 1407 791 1472 uberrima:
824 1407 934 1474 Pauca
951 1407 1110 1495 quaedam
1125 1407 1309 1472 Bandinins
1329 1429 1387 1471 ex-

245 1508 386 1595 scripsit.

326 1643 355 1732 r]
370 1648 515 1708 :Luna
535 1643 635 1708 Wart.
649 1644 780 1725 Duebn.
812 1646 912 1710 Recte
928 1647 1013 1710 enim
1030 1645 1210 1710 Wartonus
1227 1661 1250 1710 1.
1269 1667 1300 1732 p.
1320 1645 1381 1708 223

244 1747 385 1833 conjecit
400 1767 442 1810 ex
458 1744 519 1810 hoc
539 1744 622 1812 libro
639 1748 760 1834 petitas
776 1769 848 1814 esse
864 1746 991 1832 glossas
1010 1769 1031 1810 a
1052 1745 1201 1812 Salvinio
1221 1748 1253 1810 in
1268 1745 1383 1810 Sanct-

243 1847 375 1913 amandi
405 1869 500 1912 usum
527 1869 569 1912 ex
601 1847 710 1936 aliquo
737 1847 1031 1914 Laurentianorum
1065 1842 1263 1936 descriptas,
1293 1847 1381 1910 unde

244 1953 314 2038 ipse
344 1959 514 2036 excerptas
541 1949 711 2036 evulgavit
733 1967 755 2014 1.
782 1972 814 2037 p.
842 1954 903 2016 223
934 1973 1023 2038 seqq.
1069 1949 1258 2015 Certissima
1291 1949 1376 2012 enim

243 2051 348 2132 codex
379 2077 403 2118 r.
436 2051 642 2136 agnoscitur,
670 2053 807 2139 quodie
838 2052 925 2118 solus
954 2054 1038 2117 inter
1067 2051 1303 2117 Laurentianos
1338 2071 1377 2114 ea
1412 2065 1419 2085 ⁸

224 2155 351 2220 omnia
373 2155 517 2220 carmina
539 2162 641 2232 tenet,
664 2175 800 2238 quarum
823 2155 952 2240 glossae
968 2154 1019 2219 hic
1036 2153 1244 2219 exhibentur.
1288 2151 1380 2216 lusu-

241 2279 299 2344 per
320 2258 509 2343 conspirant
529 2254 685 2320 lectiones
706 2265 739 2321 et
765 2257 894 2342 glossae
923 2255 1045 2322 codicis
1067 2280 1093 2320 r.
1117 2254 1251 2321 aliunde
1273 2255 1376 2339 cogni-

242 2369 310 2441 tae,
338 2367 374 2422 ut
402 2380 444 2422 ex
470 2357 562 2421 varia
588 2356 727 2422 lectione
756 2358 984 2444 Gaissordict
1010 2355 1155 2444 Ziogleri
1183 2357 1227 2422 ad
1255 2355 1326 2420 Inc.
1349 2372 1378 2418 ι.

243 2458 393 2544 [Theoer.
414 2461 539 2545 xxn1.].
561 2496 603 2507 —
623 2457 662 2522 In
679 2459 879 2550 Apographo
905 2458 1044 2526 Salrinii
1063 2459 1209 2524 carmina
1229 2460 1312 2523 miro
1333 2481 1380 2524 or-

241 2560 316 2626 dine
331 2569 475 2643 utuntur,
489 2583 553 2646 quo
572 2583 636 2626 non
659 2561 692 2628 in
707 2565 777 2649 ipso
790 2563 915 2628 codice:
932 2561 1026 2626 Bion.
1043 2579 1065 2626 1.
1079 2561 1146 2626 lnc.
1162 2577 1210 2624 ιι.
1228 2559 1379 2648 [Theoor.

240 2663 342 2746 xix.].
375 2661 499 2726 Mosch.
523 2678 559 2726 11.
589 2681 611 2727 1.
647 2665 684 2749 [1.
719 2665 771 2750 u]
808 2662 875 2728 Ino.
904 2681 927 2728 1.
960 2663 1098 2749 [Mosch.
1137 2665 1204 2750 uu]
1240 2663 1380 2728 Theocr.

240 2779 429 2828 ιινιιι-ιιι.
464 2764 595 2832 inverso
626 2767 750 2832 ordine.
799 2767 857 2840 Εἰς
892 2757 1014 2850 νεκρὸν
1048 2761 1194 2830 ’Ἄδωνιν
1226 2765 1381 2852 [Thhocr.

240 2867 352 2952 xxx.].
379 2865 517 2950 Σιιριγξ.
539 2865 653 2932 Inov.
681 2868 830 2952 [Theocr.
854 2865 1139 2952 xxl11.].Theocr.
1161 2885 1221 2932 xx.
1248 2867 1382 2954 [xx11.].

238 2968 308 3034 Ino.
331 2983 406 3032 vm.
442 2968 677 3054 [Mosch.1v.].
710 2968 764 3035 Ad
786 2969 922 3036 Theocr.
946 2987 1036 3033 1-x.
1060 2973 1095 3035 in
1116 2968 1305 3058 apographo
1334 2971 1383 3033 ni·

238 3069 286 3135 hil
312 3079 425 3136 extare
446 3071 590 3154 videtur,
613 3094 797 3160 quanquam
818 3073 888 3159 ipsc
906 3073 1011 3138 codex
1026 3073 1124 3138 etiam
1139 3071 1278 3136 adhaec
1293 3069 1381 3158 glos·

239 3193 292 3238 sas
314 3172 421 3238 habet.
468 3173 658 3238 Glossarum
680 3175 723 3240 ad
742 3175 835 3240 Bion.
861 3191 882 3237 ι.
903 3175 1027 3240 Mosch.
1055 3192 1078 3240 1.
1104 3191 1140 3238 11.
1162 3172 1234 3238 Inc.
1256 3191 1279 3238 1.
1303 3189 1380 3238 ιιιι.

238 3286 271 3342 et
305 3275 475 3363 Syringom
504 3275 547 3340 W
548 3287 680 3342 antonus
710 3276 795 3344 solas
828 3278 951 3363 primas
980 3297 1124 3364 quasque
1152 3283 1186 3340 et
1213 3286 1381 3340 extremas

237 3378 427 3466 exscripsit3
455 3377 498 3444 ad
519 3377 645 3466 reliqua
665 3380 827 3463 carmina,
855 3379 954 3465 vulgo
974 3378 1183 3460 Theocritea,
1205 3379 1301 3466 plura
1323 3401 1379 3470 ex·

237 3483 371 3564 cerpsit,
396 3501 434 3546 ea
460 3481 663 3567 potissimum
686 3503 769 3568 quac
792 3483 824 3545 in
853 3480 985 3545 scholiis
1008 3479 1104 3545 editis
1125 3503 1190 3544 non
1214 3491 1376 3546 extarent.

238 3579 388 3666 Ceterum
414 3582 542 3666 glossae
568 3583 684 3675 partim
714 3581 914 3670 marginales
943 3592 1018 3647 sunt
1046 3584 1165 3669 partim
1188 3581 1376 3648 interlinea-
1446 3617 1448 3624 ·

191 3764 195 3776 Ι
236 3703 305 3764 res,
327 3705 408 3768 quas
429 3683 607 3748 Wartonus
623 3706 688 3750 non
707 3685 828 3772 uhiquo
845 3694 996 3750 accurate
1012 3683 1173 3748 distinxit.
1219 3685 1276 3752 Ex
1293 3685 1376 3772 ejus-

236 3785 309 3848 dem
331 3784 454 3849 codicis
471 3786 590 3870 glossis
614 3787 726 3869 (otiam
749 3787 791 3852 ad
812 3789 922 3874 priora
942 3787 1070 3873 idyllia)
1091 3795 1124 3852 et
1139 3786 1375 3874 hypothesibus

235 3885 394 3976 quaedam
417 3889 538 3958 tradita
559 3890 593 3953 in
611 3886 744 3986 Sylloge
759 3888 949 3954 Salviniana
968 3890 1072 3954 ll'art.
1092 3906 1129 3953 ιι.
1147 3912 1178 3976 p.
1200 3893 1262 3955 377
1286 3913 1375 3977 seqq.

236 3987 385 4054 Ceterum
402 3989 565 4056 Bandinio
581 3999 663 4056 testo
679 3993 784 4056 codex
798 4001 926 4078 practer
945 3991 1138 4079 hypotheses
1153 3991 1278 4058 scholia
1297 4013 1374 4058 non-

235 4089 326 4156 nulla
348 4092 542 4178 marginalia
561 4091 660 4157 habet
681 4107 713 4158 ot
734 4093 863 4180 glossas
882 4093 1118 4180 interlineares.

318 4226 344 4316 s]
376 4227 530 4293 'festibus
556 4229 719 4294 Bandinio
748 4230 899 4316 Zieglero
926 4239 1120 4316 argumenta
1143 4228 1242 4294 habet
1267 4235 1373 4317 (prac-

234 4339 381 4419 terquam
405 4329 446 4394 ad
469 4329 518 4393 ld.
543 4346 626 4394 xvll.
653 4355 715 4397 sce.
743 4331 861 4420 Band.)
885 4342 916 4397 et
937 4330 1065 4419 glossas
1090 4331 1250 4419 („multas
1274 4333 1372 4396 inter·

233 4431 403 4498 lineares“
431 4431 589 4515 Bethm.),
617 4455 754 4519 quarum
782 4435 998 4519 paucissimae
1021 4435 1179 4522 quaedam
1205 4435 1292 4499 inter
1318 4453 1372 4502 va·
