<?xml version="1.0" encoding="UTF-8"?>
<!DOCTYPE html PUBLIC "-//W3C//DTD XHTML 1.0 Transitional//EN"
    "http://www.w3.org/TR/xhtml1/DTD/xhtml1-transitional.dtd">
<html xmlns="http://www.w3.org/1999/xhtml" xml:lang="en" lang="en">
 <head>
  <title>
</title>
<meta http-equiv="Content-Type" content="text/html;charset=utf-8" />
  <meta name='ocr-system' content='tesseract 3.04.00' />
  <meta name='ocr-capabilities' content='ocr_page ocr_carea ocr_par ocr_line ocrx_word'/>
</head>
<body>
  <div class='ocr_page' id='page_1' title='image "./bucolicorumgrae00theogoog_0032.png"; bbox 0 0 2968 5060; ppageno 0'>
   <div class='ocr_carea' id='block_1_1' title="bbox 621 376 1288 430">
    <p class='ocr_par' dir='ltr' id='par_1_1' title="bbox 621 376 1288 430">
     <span class='ocr_line' id='line_1_1' title="bbox 621 376 1288 430; baseline 0.009 -6"><span class='ocrx_word' id='word_1_1' title='bbox 621 376 828 426; x_wconf 74' lang='lat' dir='ltr'>PRAEFATIO.</span> <span class='ocrx_word' id='word_1_2' title='bbox 1188 381 1288 430; x_wconf 84' lang='lat' dir='ltr'>xxvn</span> 
     </span>
    </p>
   </div>
   <div class='ocr_carea' id='block_1_2' title="bbox 116 519 1380 2518">
    <p class='ocr_par' dir='ltr' id='par_1_2' title="bbox 116 519 1380 1031">
     <span class='ocr_line' id='line_1_2' title="bbox 118 519 1287 614; baseline 0.015 -32"><span class='ocrx_word' id='word_1_3' title='bbox 118 527 251 602; x_wconf 80' lang='lat' dir='ltr'><strong>gantur.</strong></span> <span class='ocrx_word' id='word_1_4' title='bbox 293 519 339 584; x_wconf 89' lang='lat' dir='ltr'>Id</span> <span class='ocrx_word' id='word_1_5' title='bbox 362 545 455 590; x_wconf 87' lang='lat' dir='ltr'>vero</span> <span class='ocrx_word' id='word_1_6' title='bbox 480 527 608 614; x_wconf 90' lang='lat' dir='ltr'>ipsum,</span> <span class='ocrx_word' id='word_1_7' title='bbox 630 549 729 614; x_wconf 90' lang='lat' dir='ltr'>quum</span> <span class='ocrx_word' id='word_1_8' title='bbox 750 527 927 614; x_wconf 86' lang='lat' dir='ltr'>plurimum</span> <span class='ocrx_word' id='word_1_9' title='bbox 949 529 1048 596; x_wconf 85' lang='lat' dir='ltr'>faciat</span> <span class='ocrx_word' id='word_1_10' title='bbox 1066 531 1108 596; x_wconf 89' lang='lat' dir='ltr'>ad</span> <span class='ocrx_word' id='word_1_11' title='bbox 1130 531 1287 600; x_wconf 87' lang='lat' dir='ltr'>iudicium</span> 
     </span>
     <span class='ocr_line' id='line_1_3' title="bbox 118 622 1288 721; baseline 0.018 -36"><span class='ocrx_word' id='word_1_12' title='bbox 118 622 159 686; x_wconf 88' lang='lat' dir='ltr'>de</span> <span class='ocrx_word' id='word_1_13' title='bbox 174 623 318 690; x_wconf 82' lang='lat' dir='ltr'>familiis</span> <span class='ocrx_word' id='word_1_14' title='bbox 336 629 507 696; x_wconf 87' lang='lat' dir='ltr'>codicum</span> <span class='ocrx_word' id='word_1_15' title='bbox 524 633 695 700; x_wconf 84' lang='lat' dir='ltr'>ferendum</span> <span class='ocrx_word' id='word_1_16' title='bbox 703 683 712 716; x_wconf 94' lang='lat'>,</span> <span class='ocrx_word' id='word_1_17' title='bbox 728 655 835 721; x_wconf 87' lang='lat' dir='ltr'>neque</span> <span class='ocrx_word' id='word_1_18' title='bbox 846 632 1031 700; x_wconf 85' lang='lat' dir='ltr'>Dorvillius</span> <span class='ocrx_word' id='word_1_19' title='bbox 1049 626 1288 706; x_wconf 82' lang='lat' dir='ltr'>adnotaverunt</span> 
     </span>
     <span class='ocr_line' id='line_1_4' title="bbox 116 731 1288 830; baseline 0.016 -38"><span class='ocrx_word' id='word_1_20' title='bbox 116 752 225 816; x_wconf 89' lang='lat' dir='ltr'>neque</span> <span class='ocrx_word' id='word_1_21' title='bbox 257 731 484 820; x_wconf 79' lang='lat' dir='ltr'>Wartonus3</span> <span class='ocrx_word' id='word_1_22' title='bbox 519 759 596 802; x_wconf 89' lang='lat' dir='ltr'>nam</span> <span class='ocrx_word' id='word_1_23' title='bbox 623 737 883 804; x_wconf 88' lang='lat' dir='ltr'>Sanctamandus</span> <span class='ocrx_word' id='word_1_24' title='bbox 913 763 954 806; x_wconf 90' lang='lat' dir='ltr'>ne</span> <span class='ocrx_word' id='word_1_25' title='bbox 982 741 1044 807; x_wconf 93' lang='lat' dir='ltr'>hoc</span> <span class='ocrx_word' id='word_1_26' title='bbox 1071 744 1203 830; x_wconf 91' lang='lat' dir='ltr'>quidem</span> <span class='ocrx_word' id='word_1_27' title='bbox 1233 768 1288 811; x_wconf 90' lang='lat' dir='ltr'>ne·</span> 
     </span>
     <span class='ocr_line' id='line_1_5' title="bbox 116 833 1380 930; baseline 0.017 -31"><span class='ocrx_word' id='word_1_28' title='bbox 116 833 268 921; x_wconf 83' lang='lat' dir='ltr'>glexiaae</span> <span class='ocrx_word' id='word_1_29' title='bbox 292 839 468 924; x_wconf 88' lang='lat' dir='ltr'>videtur,</span> <span class='ocrx_word' id='word_1_30' title='bbox 499 851 537 910; x_wconf 88' lang='lat' dir='ltr'>ut</span> <span class='ocrx_word' id='word_1_31' title='bbox 563 843 758 930; x_wconf 78' lang='lat' dir='ltr'>intelligitur</span> <span class='ocrx_word' id='word_1_32' title='bbox 780 865 822 910; x_wconf 88' lang='lat' dir='ltr'>ex</span> <span class='ocrx_word' id='word_1_33' title='bbox 848 855 1004 914; x_wconf 85' lang='lat' dir='ltr'>accurata</span> <span class='ocrx_word' id='word_1_34' title='bbox 1028 849 1151 916; x_wconf 88' lang='lat' dir='ltr'>codicis</span> <span class='ocrx_word' id='word_1_35' title='bbox 1169 856 1213 916; x_wconf 89' lang='lat' dir='ltr'>M.</span> <span class='ocrx_word' id='word_1_36' title='bbox 1235 852 1287 918; x_wconf 91' lang='lat' dir='ltr'>de·</span> <span class='ocrx_word' id='word_1_37' title='bbox 1377 859 1380 868; x_wconf 82' lang='grc'>’</span> 
     </span>
     <span class='ocr_line' id='line_1_6' title="bbox 116 943 732 1031; baseline 0.013 -25"><span class='ocrx_word' id='word_1_38' title='bbox 116 943 305 1031; x_wconf 74' lang='lat' dir='ltr'><strong>scriptione</strong></span> <span class='ocrx_word' id='word_1_39' title='bbox 331 969 355 1012; x_wconf 91' lang='lat' dir='ltr'>a</span> <span class='ocrx_word' id='word_1_40' title='bbox 378 948 582 1016; x_wconf 83' lang='lat' dir='ltr'>Gaisfordio</span> <span class='ocrx_word' id='word_1_41' title='bbox 601 949 732 1014; x_wconf 85' lang='lat' dir='ltr'>tradite.</span> 
     </span>
    </p>

    <p class='ocr_par' dir='ltr' id='par_1_3' title="bbox 118 1050 1289 2196">
     <span class='ocr_line' id='line_1_7' title="bbox 204 1050 1289 1148; baseline 0.014 -34"><span class='ocrx_word' id='word_1_42' title='bbox 204 1050 279 1116; x_wconf 85' lang='lat' dir='ltr'>Nos</span> <span class='ocrx_word' id='word_1_43' title='bbox 304 1063 457 1139; x_wconf 89' lang='lat' dir='ltr'>praeter</span> <span class='ocrx_word' id='word_1_44' title='bbox 479 1054 642 1120; x_wconf 88' lang='lat' dir='ltr'>editorum</span> <span class='ocrx_word' id='word_1_45' title='bbox 664 1056 901 1146; x_wconf 77' lang='lat' dir='ltr'><strong>descriptiones</strong></span> <span class='ocrx_word' id='word_1_46' title='bbox 922 1067 955 1126; x_wconf 88' lang='lat' dir='ltr'>et</span> <span class='ocrx_word' id='word_1_47' title='bbox 974 1081 1028 1142; x_wconf 88' lang='lat' dir='ltr'>ea,</span> <span class='ocrx_word' id='word_1_48' title='bbox 1058 1083 1143 1148; x_wconf 89' lang='lat' dir='ltr'>quae</span> <span class='ocrx_word' id='word_1_49' title='bbox 1165 1061 1289 1130; x_wconf 89' lang='lat' dir='ltr'>Weiss-</span> 
     </span>
     <span class='ocr_line' id='line_1_8' title="bbox 118 1157 1289 1256; baseline 0.01 -36"><span class='ocrx_word' id='word_1_50' title='bbox 118 1157 285 1242; x_wconf 83' lang='lat' dir='ltr'>gerberus</span> <span class='ocrx_word' id='word_1_51' title='bbox 320 1161 368 1226; x_wconf 90' lang='lat' dir='ltr'>de</span> <span class='ocrx_word' id='word_1_52' title='bbox 398 1161 565 1228; x_wconf 86' lang='lat' dir='ltr'>Parisinis</span> <span class='ocrx_word' id='word_1_53' title='bbox 587 1167 622 1228; x_wconf 87' lang='lat' dir='ltr'>L.</span> <span class='ocrx_word' id='word_1_54' title='bbox 650 1168 682 1239; x_wconf 76' lang='lat' dir='ltr'>O.</span> <span class='ocrx_word' id='word_1_55' title='bbox 711 1169 747 1228; x_wconf 83' lang='lat' dir='ltr'>l&#39;.</span> <span class='ocrx_word' id='word_1_56' title='bbox 771 1163 946 1248; x_wconf 80' lang='lat' dir='ltr'>diligenter</span> <span class='ocrx_word' id='word_1_57' title='bbox 967 1165 1120 1250; x_wconf 85' lang='lat' dir='ltr'>tradidit,</span> <span class='ocrx_word' id='word_1_58' title='bbox 1148 1167 1289 1256; x_wconf 88' lang='lat' dir='ltr'>primum</span> 
     </span>
     <span class='ocr_line' id='line_1_9' title="bbox 118 1265 1288 1362; baseline 0.011 -35"><span class='ocrx_word' id='word_1_59' title='bbox 118 1265 224 1328; x_wconf 86' lang='lat' dir='ltr'>variis</span> <span class='ocrx_word' id='word_1_60' title='bbox 248 1265 551 1332; x_wconf 75' lang='lat' dir='ltr'>bibliothecarum</span> <span class='ocrx_word' id='word_1_61' title='bbox 578 1269 736 1354; x_wconf 79' lang='lat' dir='ltr'>catalogis</span> <span class='ocrx_word' id='word_1_62' title='bbox 761 1269 811 1332; x_wconf 89' lang='lat' dir='ltr'>usi</span> <span class='ocrx_word' id='word_1_63' title='bbox 840 1292 967 1352; x_wconf 88' lang='lat' dir='ltr'>sumus,</span> <span class='ocrx_word' id='word_1_64' title='bbox 1001 1275 1143 1340; x_wconf 85' lang='lat' dir='ltr'>maxime</span> <span class='ocrx_word' id='word_1_65' title='bbox 1166 1276 1288 1362; x_wconf 91' lang='lat' dir='ltr'>optimo</span> 
     </span>
     <span class='ocr_line' id='line_1_10' title="bbox 118 1368 1287 1446; baseline 0.009 -13"><span class='ocrx_word' id='word_1_66' title='bbox 118 1368 178 1434; x_wconf 91' lang='lat' dir='ltr'>illo</span> <span class='ocrx_word' id='word_1_67' title='bbox 201 1371 437 1438; x_wconf 87' lang='lat' dir='ltr'>Bandiniano</span> <span class='ocrx_word' id='word_1_68' title='bbox 460 1373 609 1440; x_wconf 89' lang='lat' dir='ltr'>codicum</span> <span class='ocrx_word' id='word_1_69' title='bbox 633 1373 830 1442; x_wconf 86' lang='lat' dir='ltr'>Graecorum</span> <span class='ocrx_word' id='word_1_70' title='bbox 853 1374 1070 1444; x_wconf 83' lang='lat' dir='ltr'>bibliothecae</span> <span class='ocrx_word' id='word_1_71' title='bbox 1092 1379 1287 1446; x_wconf 83' lang='lat' dir='ltr'>Laurentia-</span> 
     </span>
     <span class='ocr_line' id='line_1_11' title="bbox 120 1477 1288 1570; baseline 0.009 -29"><span class='ocrx_word' id='word_1_72' title='bbox 120 1498 185 1541; x_wconf 88' lang='lat' dir='ltr'>nae</span> <span class='ocrx_word' id='word_1_73' title='bbox 204 1487 239 1542; x_wconf 91' lang='lat' dir='ltr'>et</span> <span class='ocrx_word' id='word_1_74' title='bbox 263 1477 445 1566; x_wconf 82' lang='lat' dir='ltr'>Catalogc</span> <span class='ocrx_word' id='word_1_75' title='bbox 468 1481 618 1546; x_wconf 89' lang='lat' dir='ltr'>codicum</span> <span class='ocrx_word' id='word_1_76' title='bbox 637 1485 930 1570; x_wconf 79' lang='lat' dir='ltr'>manuscriptorum</span> <span class='ocrx_word' id='word_1_77' title='bbox 947 1484 1147 1550; x_wconf 84' lang='lat' dir='ltr'>Graecorum</span> <span class='ocrx_word' id='word_1_78' title='bbox 1169 1485 1288 1550; x_wconf 91' lang='lat' dir='ltr'>biblic-</span> 
     </span>
     <span class='ocr_line' id='line_1_12' title="bbox 121 1581 1286 1677; baseline 0.007 -31"><span class='ocrx_word' id='word_1_79' title='bbox 121 1581 243 1648; x_wconf 86' lang='lat' dir='ltr'>thecae</span> <span class='ocrx_word' id='word_1_80' title='bbox 261 1585 405 1672; x_wconf 85' lang='lat' dir='ltr'>Regiae</span> <span class='ocrx_word' id='word_1_81' title='bbox 420 1585 593 1652; x_wconf 88' lang='lat' dir='ltr'>Parisinae</span> <span class='ocrx_word' id='word_1_82' title='bbox 603 1611 633 1652; x_wconf 90' lang='lat' dir='ltr'>a.</span> <span class='ocrx_word' id='word_1_83' title='bbox 652 1591 859 1654; x_wconf 43' lang='grc'><strong>1739-41744</strong></span> <span class='ocrx_word' id='word_1_84' title='bbox 874 1591 989 1677; x_wconf 87' lang='lat' dir='ltr'>(opera</span> <span class='ocrx_word' id='word_1_85' title='bbox 1004 1591 1135 1656; x_wconf 82' lang='lat' dir='ltr'>Aniceti</span> <span class='ocrx_word' id='word_1_86' title='bbox 1147 1589 1286 1675; x_wconf 81' lang='lat' dir='ltr'>Mellot).</span> 
     </span>
     <span class='ocr_line' id='line_1_13' title="bbox 122 1687 1288 1784; baseline 0.008 -33"><span class='ocrx_word' id='word_1_87' title='bbox 122 1687 263 1755; x_wconf 86' lang='lat' dir='ltr'>Deinde</span> <span class='ocrx_word' id='word_1_88' title='bbox 294 1693 536 1758; x_wconf 89' lang='lat' dir='ltr'>Bethmannus</span> <span class='ocrx_word' id='word_1_89' title='bbox 568 1693 647 1762; x_wconf 91' lang='lat' dir='ltr'>mihi</span> <span class='ocrx_word' id='word_1_90' title='bbox 676 1694 806 1759; x_wconf 86' lang='lat' dir='ltr'>codices</span> <span class='ocrx_word' id='word_1_91' title='bbox 837 1718 857 1760; x_wconf 87' lang='lat' dir='ltr'>a</span> <span class='ocrx_word' id='word_1_92' title='bbox 892 1719 926 1762; x_wconf 89' lang='lat' dir='ltr'>se</span> <span class='ocrx_word' id='word_1_93' title='bbox 946 1697 1121 1784; x_wconf 82' lang='lat' dir='ltr'>,inspectos</span> <span class='ocrx_word' id='word_1_94' title='bbox 1156 1718 1288 1760; x_wconf 87' lang='lat' dir='ltr'>accura-</span> 
     </span>
     <span class='ocr_line' id='line_1_14' title="bbox 122 1795 1288 1886; baseline 0.005 -28"><span class='ocrx_word' id='word_1_95' title='bbox 122 1795 258 1862; x_wconf 85' lang='lat' dir='ltr'>tissime</span> <span class='ocrx_word' id='word_1_96' title='bbox 292 1799 499 1886; x_wconf 81' lang='lat' dir='ltr'>descripsit,</span> <span class='ocrx_word' id='word_1_97' title='bbox 530 1799 771 1886; x_wconf 83' lang='lat' dir='ltr'>Freiburgerus</span> <span class='ocrx_word' id='word_1_98' title='bbox 798 1799 963 1866; x_wconf 89' lang='lat' dir='ltr'>Romanos</span> <span class='ocrx_word' id='word_1_99' title='bbox 992 1810 1019 1863; x_wconf 87' lang='lat'>9.</span> <span class='ocrx_word' id='word_1_100' title='bbox 1053 1811 1095 1862; x_wconf 88' lang='lat'>11.</span> <span class='ocrx_word' id='word_1_101' title='bbox 1127 1811 1190 1874; x_wconf 64' lang='lat'>16„</span> <span class='ocrx_word' id='word_1_102' title='bbox 1223 1799 1288 1864; x_wconf 87' lang='lat' dir='ltr'>Ios.</span> 
     </span>
     <span class='ocr_line' id='line_1_15' title="bbox 125 1897 1288 1992; baseline 0.005 -30"><span class='ocrx_word' id='word_1_103' title='bbox 125 1897 320 1970; x_wconf 82' lang='lat' dir='ltr'>Muellerus</span> <span class='ocrx_word' id='word_1_104' title='bbox 349 1915 478 1992; x_wconf 85' lang='lat' dir='ltr'>partem</span> <span class='ocrx_word' id='word_1_105' title='bbox 503 1906 817 1988; x_wconf 87' lang='lat' dir='ltr'>Mediolanensium,</span> <span class='ocrx_word' id='word_1_106' title='bbox 839 1905 1038 1970; x_wconf 87' lang='lat' dir='ltr'>Duebncrus</span> <span class='ocrx_word' id='word_1_107' title='bbox 1060 1903 1228 1969; x_wconf 87' lang='lat' dir='ltr'>Parisinos</span> <span class='ocrx_word' id='word_1_108' title='bbox 1250 1909 1288 1968; x_wconf 85' lang='lat' dir='ltr'>D.</span> 
     </span>
     <span class='ocr_line' id='line_1_16' title="bbox 127 2007 1288 2098; baseline 0.003 -27"><span class='ocrx_word' id='word_1_109' title='bbox 127 2007 176 2088; x_wconf 83' lang='lat' dir='ltr'>L.,</span> <span class='ocrx_word' id='word_1_110' title='bbox 198 2007 419 2096; x_wconf 86' lang='lat' dir='ltr'>reliquorum</span> <span class='ocrx_word' id='word_1_111' title='bbox 447 2011 562 2078; x_wconf 89' lang='lat' dir='ltr'>ordine</span> <span class='ocrx_word' id='word_1_112' title='bbox 584 2013 744 2096; x_wconf 88' lang='lat' dir='ltr'>indicato,</span> <span class='ocrx_word' id='word_1_113' title='bbox 775 2011 815 2076; x_wconf 90' lang='lat' dir='ltr'>de</span> <span class='ocrx_word' id='word_1_114' title='bbox 839 2033 903 2098; x_wconf 92' lang='lat' dir='ltr'>quo</span> <span class='ocrx_word' id='word_1_115' title='bbox 926 2010 995 2076; x_wconf 83' lang='lat' dir='ltr'>lere</span> <span class='ocrx_word' id='word_1_116' title='bbox 1016 2033 1081 2076; x_wconf 89' lang='lat' dir='ltr'>non</span> <span class='ocrx_word' id='word_1_117' title='bbox 1107 2009 1288 2092; x_wconf 80' lang='lat' dir='ltr'>constabat,</span> 
     </span>
     <span class='ocr_line' id='line_1_17' title="bbox 129 2117 1001 2196; baseline 0.01 -22"><span class='ocrx_word' id='word_1_118' title='bbox 129 2121 308 2196; x_wconf 90' lang='lat' dir='ltr'>postremo</span> <span class='ocrx_word' id='word_1_119' title='bbox 334 2117 614 2182; x_wconf 86' lang='lat' dir='ltr'>Wuestemannus</span> <span class='ocrx_word' id='word_1_120' title='bbox 637 2119 782 2184; x_wconf 87' lang='lat' dir='ltr'>codicem</span> <span class='ocrx_word' id='word_1_121' title='bbox 805 2118 1001 2184; x_wconf 81' lang='lat' dir='ltr'>Gothanum.</span> 
     </span>
    </p>

    <p class='ocr_par' dir='ltr' id='par_1_4' title="bbox 133 2219 1286 2518">
     <span class='ocr_line' id='line_1_18' title="bbox 221 2219 1286 2312; baseline -0.003 -25"><span class='ocrx_word' id='word_1_122' title='bbox 221 2219 266 2286; x_wconf 87' lang='lat' dir='ltr'>In</span> <span class='ocrx_word' id='word_1_123' title='bbox 287 2223 414 2310; x_wconf 85' lang='lat' dir='ltr'>quibus</span> <span class='ocrx_word' id='word_1_124' title='bbox 437 2223 606 2288; x_wconf 85' lang='lat' dir='ltr'>codicibus</span> <span class='ocrx_word' id='word_1_125' title='bbox 625 2222 736 2310; x_wconf 87' lang='lat' dir='ltr'>plures</span> <span class='ocrx_word' id='word_1_126' title='bbox 757 2233 867 2312; x_wconf 87' lang='lat' dir='ltr'>partes</span> <span class='ocrx_word' id='word_1_127' title='bbox 891 2247 908 2288; x_wconf 91' lang='lat' dir='ltr'>e</span> <span class='ocrx_word' id='word_1_128' title='bbox 928 2225 1030 2290; x_wconf 89' lang='lat' dir='ltr'>variis</span> <span class='ocrx_word' id='word_1_129' title='bbox 1052 2220 1187 2287; x_wconf 86' lang='lat' dir='ltr'>familiis</span> <span class='ocrx_word' id='word_1_130' title='bbox 1213 2241 1286 2285; x_wconf 90' lang='lat' dir='ltr'>con·</span> 
     </span>
     <span class='ocr_line' id='line_1_19' title="bbox 133 2325 1285 2419; baseline 0.003 -33"><span class='ocrx_word' id='word_1_131' title='bbox 133 2333 255 2406; x_wconf 82' lang='lat' dir='ltr'>gestae</span> <span class='ocrx_word' id='word_1_132' title='bbox 280 2329 408 2394; x_wconf 85' lang='lat' dir='ltr'>certius</span> <span class='ocrx_word' id='word_1_133' title='bbox 431 2329 574 2394; x_wconf 85' lang='lat' dir='ltr'>discerni</span> <span class='ocrx_word' id='word_1_134' title='bbox 595 2338 752 2416; x_wconf 87' lang='lat' dir='ltr'>possunt,</span> <span class='ocrx_word' id='word_1_135' title='bbox 774 2339 960 2419; x_wconf 81' lang='lat' dir='ltr'>caeparios</span> <span class='ocrx_word' id='word_1_136' title='bbox 983 2326 1174 2396; x_wconf 86' lang='lat' dir='ltr'>maiusculis</span> <span class='ocrx_word' id='word_1_137' title='bbox 1195 2325 1285 2391; x_wconf 87' lang='lat' dir='ltr'>Lati·</span> 
     </span>
     <span class='ocr_line' id='line_1_20' title="bbox 133 2429 803 2518; baseline 0.009 -24"><span class='ocrx_word' id='word_1_138' title='bbox 133 2429 188 2494; x_wconf 84' lang='lat' dir='ltr'>nis</span> <span class='ocrx_word' id='word_1_139' title='bbox 210 2433 343 2502; x_wconf 81' lang='lat' dir='ltr'>additis</span> <span class='ocrx_word' id='word_1_140' title='bbox 367 2435 595 2518; x_wconf 85' lang='lat' dir='ltr'>distinximus,</span> <span class='ocrx_word' id='word_1_141' title='bbox 618 2444 655 2500; x_wconf 87' lang='lat' dir='ltr'>ut</span> <span class='ocrx_word' id='word_1_142' title='bbox 678 2437 730 2500; x_wconf 71' lang='lat' dir='ltr'>pi.</span> <span class='ocrx_word' id='word_1_143' title='bbox 751 2437 803 2500; x_wconf 52' lang='lat' dir='ltr'>Di</span> 
     </span>
    </p>
   </div>
   <div class='ocr_carea' id='block_1_3' title="bbox 311 2587 954 2754">
    <p class='ocr_par' dir='ltr' id='par_1_5' title="bbox 311 2587 954 2754">
     <span class='ocr_line' id='line_1_21' title="bbox 490 2587 954 2646; baseline 0.004 -5"><span class='ocrx_word' id='word_1_144' title='bbox 490 2590 532 2641; x_wconf 71' lang='grc' dir='ltr'>Δ.</span> <span class='ocrx_word' id='word_1_145' title='bbox 559 2587 711 2642; x_wconf 78' lang='lat' dir='ltr'>codices</span> <span class='ocrx_word' id='word_1_146' title='bbox 729 2589 954 2646; x_wconf 83' lang='lat' dir='ltr'>&#39;l&#39;hcoerltol.</span> 
     </span>
     <span class='ocr_line' id='line_1_22' title="bbox 311 2689 663 2754; baseline -0.003 -12"><span class='ocrx_word' id='word_1_147' title='bbox 311 2743 316 2754; x_wconf 56' lang='grc'>,</span> <span class='ocrx_word' id='word_1_148' title='bbox 357 2689 663 2744; x_wconf 75' lang='lat' dir='ltr'>Mediolanenses.</span> 
     </span>
    </p>
   </div>
   <div class='ocr_carea' id='block_1_4' title="bbox 140 2779 1286 3820">
    <p class='ocr_par' dir='ltr' id='par_1_6' title="bbox 140 2779 1286 3081">
     <span class='ocr_line' id='line_1_23' title="bbox 229 2779 1284 2868; baseline -0.002 -27"><span class='ocrx_word' id='word_1_149' title='bbox 229 2779 274 2866; x_wconf 85' lang='grc' dir='ltr'>α.]</span> <span class='ocrx_word' id='word_1_150' title='bbox 297 2807 343 2835; x_wconf 88' lang='grc'>--·</span> <span class='ocrx_word' id='word_1_151' title='bbox 364 2787 400 2844; x_wconf 84' lang='grc' dir='ltr'>Α.</span> <span class='ocrx_word' id='word_1_152' title='bbox 426 2779 530 2845; x_wconf 89' lang='lat' dir='ltr'>Dorv.</span> <span class='ocrx_word' id='word_1_153' title='bbox 555 2811 598 2838; x_wconf 91' lang='lat'>=</span> <span class='ocrx_word' id='word_1_154' title='bbox 617 2785 737 2845; x_wconf 76' lang='lat' dir='ltr'>Medici.</span> <span class='ocrx_word' id='word_1_155' title='bbox 766 2793 791 2844; x_wconf 83' lang='lat'>2.</span> <span class='ocrx_word' id='word_1_156' title='bbox 820 2781 925 2868; x_wconf 78' lang='lat' dir='ltr'>Zie&#39;gl.</span> <span class='ocrx_word' id='word_1_157' title='bbox 952 2821 994 2830; x_wconf 91' lang='lat'><em>-</em></span> <span class='ocrx_word' id='word_1_158' title='bbox 1024 2780 1139 2845; x_wconf 86' lang='lat' dir='ltr'>Ambr.</span> <span class='ocrx_word' id='word_1_159' title='bbox 1162 2803 1210 2843; x_wconf 91' lang='lat' dir='ltr'>nr.</span> <span class='ocrx_word' id='word_1_160' title='bbox 1233 2781 1284 2840; x_wconf 79' lang='lat'>32.</span> 
     </span>
     <span class='ocr_line' id='line_1_24' title="bbox 140 2879 1286 2972; baseline 0.001 -28"><span class='ocrx_word' id='word_1_161' title='bbox 140 2879 299 2972; x_wconf 85' lang='lat' dir='ltr'>bombye.</span> <span class='ocrx_word' id='word_1_162' title='bbox 330 2887 456 2971; x_wconf 87' lang='lat' dir='ltr'>(chart.</span> <span class='ocrx_word' id='word_1_163' title='bbox 483 2886 615 2972; x_wconf 91' lang='lat' dir='ltr'>Muell.)</span> <span class='ocrx_word' id='word_1_164' title='bbox 646 2907 710 2952; x_wconf 88' lang='lat' dir='ltr'>sec.</span> <span class='ocrx_word' id='word_1_165' title='bbox 739 2903 815 2953; x_wconf 85' lang='lat' dir='ltr'>x111.</span> <span class='ocrx_word' id='word_1_166' title='bbox 856 2891 977 2952; x_wconf 79' lang='lat' dir='ltr'>Theocr.</span> <span class='ocrx_word' id='word_1_167' title='bbox 1004 2893 1137 2952; x_wconf 85' lang='lat' dir='ltr'>l—lll.</span> <span class='ocrx_word' id='word_1_168' title='bbox 1171 2891 1202 2951; x_wconf 85' lang='lat' dir='ltr'>V.</span> <span class='ocrx_word' id='word_1_169' title='bbox 1228 2891 1248 2946; x_wconf 88' lang='grc' dir='ltr'><em>Ι</em></span> <span class='ocrx_word' id='word_1_170' title='bbox 1253 2889 1286 2946; x_wconf 86' lang='lat' dir='ltr'>V.</span> 
     </span>
     <span class='ocr_line' id='line_1_25' title="bbox 149 2992 730 3081; baseline 0.012 -32"><span class='ocrx_word' id='word_1_171' title='bbox 149 2993 374 3055; x_wconf 71' lang='lat' dir='ltr'>Vl-XVJII.</span> <span class='ocrx_word' id='word_1_172' title='bbox 396 2993 579 3081; x_wconf 74' lang='lat' dir='ltr'>(1-xV111,</span> <span class='ocrx_word' id='word_1_173' title='bbox 602 2992 730 3077; x_wconf 86' lang='lat' dir='ltr'>Muell.)</span> 
     </span>
    </p>

    <p class='ocr_par' dir='ltr' id='par_1_7' title="bbox 142 3097 1286 3820">
     <span class='ocr_line' id='line_1_26' title="bbox 232 3097 1285 3186; baseline 0 -26"><span class='ocrx_word' id='word_1_174' title='bbox 232 3097 272 3186; x_wconf 78' lang='lat' dir='ltr'>h]</span> <span class='ocrx_word' id='word_1_175' title='bbox 302 3125 346 3154; x_wconf 88' lang='lat'><strong><em>=</em></strong></span> <span class='ocrx_word' id='word_1_176' title='bbox 366 3103 406 3163; x_wconf 86' lang='lat' dir='ltr'>B.</span> <span class='ocrx_word' id='word_1_177' title='bbox 430 3099 532 3165; x_wconf 85' lang='lat' dir='ltr'>Dorv.</span> <span class='ocrx_word' id='word_1_178' title='bbox 555 3141 597 3152; x_wconf 89' lang='lat'>—</span> <span class='ocrx_word' id='word_1_179' title='bbox 619 3100 773 3166; x_wconf 84' lang='lat' dir='ltr'>Ambros.</span> <span class='ocrx_word' id='word_1_180' title='bbox 796 3122 845 3164; x_wconf 86' lang='lat' dir='ltr'>nr.</span> <span class='ocrx_word' id='word_1_181' title='bbox 869 3103 920 3162; x_wconf 84' lang='lat'>22.</span> <span class='ocrx_word' id='word_1_182' title='bbox 945 3121 1010 3165; x_wconf 87' lang='lat' dir='ltr'>sec.</span> <span class='ocrx_word' id='word_1_183' title='bbox 1034 3115 1106 3162; x_wconf 67' lang='lat' dir='ltr'>rw.</span> <span class='ocrx_word' id='word_1_184' title='bbox 1131 3097 1177 3182; x_wconf 70' lang='lat' dir='ltr'>(i)</span> <span class='ocrx_word' id='word_1_185' title='bbox 1201 3105 1285 3161; x_wconf 90' lang='lat' dir='ltr'>teste</span> 
     </span>
     <span class='ocr_line' id='line_1_27' title="bbox 144 3199 1285 3292; baseline -0.001 -27"><span class='ocrx_word' id='word_1_186' title='bbox 144 3199 306 3268; x_wconf 82' lang='lat' dir='ltr'>Muellero</span> <span class='ocrx_word' id='word_1_187' title='bbox 329 3207 507 3289; x_wconf 88' lang='lat' dir='ltr'>(recentior</span> <span class='ocrx_word' id='word_1_188' title='bbox 526 3205 657 3292; x_wconf 84' lang='lat' dir='ltr'>Dorv.).</span> <span class='ocrx_word' id='word_1_189' title='bbox 703 3205 821 3269; x_wconf 89' lang='lat' dir='ltr'>Insunt</span> <span class='ocrx_word' id='word_1_190' title='bbox 849 3205 1029 3269; x_wconf 89' lang='lat' dir='ltr'>seeundum</span> <span class='ocrx_word' id='word_1_191' title='bbox 1053 3201 1216 3286; x_wconf 90' lang='lat' dir='ltr'>duplicem</span> <span class='ocrx_word' id='word_1_192' title='bbox 1239 3202 1285 3264; x_wconf 91' lang='lat' dir='ltr'>in·</span> 
     </span>
     <span class='ocr_line' id='line_1_28' title="bbox 148 3305 1286 3400; baseline -0.002 -30"><span class='ocrx_word' id='word_1_193' title='bbox 148 3305 252 3372; x_wconf 90' lang='lat' dir='ltr'>dicem</span> <span class='ocrx_word' id='word_1_194' title='bbox 273 3329 294 3372; x_wconf 87' lang='lat' dir='ltr'>a</span> <span class='ocrx_word' id='word_1_195' title='bbox 315 3309 475 3376; x_wconf 86' lang='lat' dir='ltr'>Muellcro</span> <span class='ocrx_word' id='word_1_196' title='bbox 496 3313 697 3400; x_wconf 86' lang='lat' dir='ltr'>exscriptum</span> <span class='ocrx_word' id='word_1_197' title='bbox 719 3310 777 3374; x_wconf 87' lang='lat' dir='ltr'>fol.</span> <span class='ocrx_word' id='word_1_198' title='bbox 798 3309 944 3372; x_wconf 72' lang='lat'>52-571‘·</span> <span class='ocrx_word' id='word_1_199' title='bbox 984 3311 1106 3370; x_wconf 78' lang='lat' dir='ltr'>Theocr.</span> <span class='ocrx_word' id='word_1_200' title='bbox 1136 3312 1286 3385; x_wconf 81' lang='lat' dir='ltr'>VII—X,</span> 
     </span>
     <span class='ocr_line' id='line_1_29' title="bbox 149 3412 1282 3503; baseline 0.004 -29"><span class='ocrx_word' id='word_1_201' title='bbox 149 3423 192 3475; x_wconf 82' lang='lat'>21.</span> <span class='ocrx_word' id='word_1_202' title='bbox 222 3414 327 3501; x_wconf 81' lang='lat' dir='ltr'>(-x,</span> <span class='ocrx_word' id='word_1_203' title='bbox 356 3417 404 3480; x_wconf 87' lang='grc'>19.</span> <span class='ocrx_word' id='word_1_204' title='bbox 433 3415 583 3503; x_wconf 85' lang='lat' dir='ltr'>Zieglero</span> <span class='ocrx_word' id='word_1_205' title='bbox 616 3419 733 3503; x_wconf 88' lang='lat' dir='ltr'>teste),</span> <span class='ocrx_word' id='word_1_206' title='bbox 762 3415 819 3480; x_wconf 88' lang='lat' dir='ltr'>fol.</span> <span class='ocrx_word' id='word_1_207' title='bbox 851 3417 903 3478; x_wconf 71' lang='lat'>58,</span> <span class='ocrx_word' id='word_1_208' title='bbox 937 3417 1004 3477; x_wconf 85' lang='lat' dir='ltr'>Inc.</span> <span class='ocrx_word' id='word_1_209' title='bbox 1031 3417 1101 3486; x_wconf 67' lang='lat' dir='ltr'>JV„</span> <span class='ocrx_word' id='word_1_210' title='bbox 1132 3421 1200 3476; x_wconf 87' lang='lat' dir='ltr'>tum</span> <span class='ocrx_word' id='word_1_211' title='bbox 1227 3412 1282 3478; x_wconf 87' lang='lat' dir='ltr'>fol.</span> 
     </span>
     <span class='ocr_line' id='line_1_30' title="bbox 146 3511 1284 3608; baseline 0.002 -26"><span class='ocrx_word' id='word_1_212' title='bbox 146 3521 281 3584; x_wconf 80' lang='lat'>61-74.</span> <span class='ocrx_word' id='word_1_213' title='bbox 315 3525 379 3586; x_wconf 79' lang='lat' dir='ltr'>Ine.</span> <span class='ocrx_word' id='word_1_214' title='bbox 403 3529 459 3585; x_wconf 82' lang='lat' dir='ltr'>IV.</span> <span class='ocrx_word' id='word_1_215' title='bbox 482 3522 647 3606; x_wconf 79' lang='grc' dir='ltr'><strong>Σῦριγξ.</strong></span> <span class='ocrx_word' id='word_1_216' title='bbox 680 3524 754 3598; x_wconf 79' lang='grc' dir='ltr'>Εἰς</span> <span class='ocrx_word' id='word_1_217' title='bbox 775 3511 1128 3605; x_wconf 68' lang='grc' dir='ltr'>νεκρόνἍδωνιν.</span> <span class='ocrx_word' id='word_1_218' title='bbox 1160 3519 1284 3608; x_wconf 65' lang='grc' dir='ltr'><strong><em>Πένος</em></strong></span> 
     </span>
     <span class='ocr_line' id='line_1_31' title="bbox 146 3619 1282 3710; baseline 0.002 -20"><span class='ocrx_word' id='word_1_219' title='bbox 146 3628 380 3708; x_wconf 77' lang='grc' dir='ltr'><strong><em>Θεοκρίτου</em></strong></span> <span class='ocrx_word' id='word_1_220' title='bbox 417 3636 451 3691; x_wconf 91' lang='lat' dir='ltr'>et</span> <span class='ocrx_word' id='word_1_221' title='bbox 485 3625 562 3708; x_wconf 77' lang='grc' dir='ltr'>περὶ</span> <span class='ocrx_word' id='word_1_222' title='bbox 594 3619 757 3710; x_wconf 80' lang='grc' dir='ltr'><strong><em>εὑρέσεως</em></strong></span> <span class='ocrx_word' id='word_1_223' title='bbox 790 3627 858 3692; x_wconf 76' lang='lat' dir='ltr'>cciv</span> <span class='ocrx_word' id='word_1_224' title='bbox 888 3629 1110 3710; x_wconf 75' lang='grc' dir='ltr'><strong><em>βουκολικῶν.</em></strong></span> <span class='ocrx_word' id='word_1_225' title='bbox 1160 3633 1282 3694; x_wconf 75' lang='lat' dir='ltr'>Theocr.</span> 
     </span>
     <span class='ocr_line' id='line_1_32' title="bbox 142 3731 1281 3820; baseline 0 -24"><span class='ocrx_word' id='word_1_226' title='bbox 142 3739 197 3796; x_wconf 86' lang='lat'>1-</span> <span class='ocrx_word' id='word_1_227' title='bbox 208 3739 258 3798; x_wconf 85' lang='lat' dir='ltr'>VI.</span> <span class='ocrx_word' id='word_1_228' title='bbox 303 3732 406 3818; x_wconf 87' lang='lat' dir='ltr'>Apud</span> <span class='ocrx_word' id='word_1_229' title='bbox 427 3733 654 3799; x_wconf 83' lang='lat' dir='ltr'>Gaislordium</span> <span class='ocrx_word' id='word_1_230' title='bbox 672 3745 843 3820; x_wconf 87' lang='lat' dir='ltr'>practerea</span> <span class='ocrx_word' id='word_1_231' title='bbox 862 3734 955 3798; x_wconf 84' lang='lat' dir='ltr'>varia</span> <span class='ocrx_word' id='word_1_232' title='bbox 976 3731 1072 3798; x_wconf 91' lang='lat' dir='ltr'>lectio</span> <span class='ocrx_word' id='word_1_233' title='bbox 1094 3734 1137 3798; x_wconf 90' lang='lat' dir='ltr'>ad</span> <span class='ocrx_word' id='word_1_234' title='bbox 1157 3733 1226 3798; x_wconf 92' lang='lat' dir='ltr'>Inc.</span> <span class='ocrx_word' id='word_1_235' title='bbox 1248 3750 1281 3816; x_wconf 90' lang='lat' dir='ltr'>v,</span> 
     </span>
    </p>
   </div>
   <div class='ocr_carea' id='block_1_5' title="bbox 147 3839 1282 3928">
    <p class='ocr_par' dir='ltr' id='par_1_8' title="bbox 147 3839 1282 3928">
     <span class='ocr_line' id='line_1_33' title="bbox 147 3839 1282 3928; baseline -0.001 -24"><span class='ocrx_word' id='word_1_236' title='bbox 147 3843 257 3906; x_wconf 85' lang='lat'>1-16.</span> <span class='ocrx_word' id='word_1_237' title='bbox 278 3847 458 3926; x_wconf 84' lang='lat' dir='ltr'>comparet,</span> <span class='ocrx_word' id='word_1_238' title='bbox 478 3839 565 3926; x_wconf 90' lang='lat' dir='ltr'>quod</span> <span class='ocrx_word' id='word_1_239' title='bbox 581 3861 712 3906; x_wconf 87' lang='lat' dir='ltr'>carmen</span> <span class='ocrx_word' id='word_1_240' title='bbox 729 3851 805 3908; x_wconf 90' lang='lat' dir='ltr'>ante</span> <span class='ocrx_word' id='word_1_241' title='bbox 821 3841 996 3928; x_wconf 82' lang='lat' dir='ltr'>Syringem</span> <span class='ocrx_word' id='word_1_242' title='bbox 1012 3850 1125 3906; x_wconf 85' lang='lat' dir='ltr'>extare</span> <span class='ocrx_word' id='word_1_243' title='bbox 1142 3840 1282 3906; x_wconf 86' lang='lat' dir='ltr'>videtur.</span> 
     </span>
    </p>
   </div>
   <div class='ocr_carea' id='block_1_6' title="bbox 142 3942 1282 4136">
    <p class='ocr_par' dir='ltr' id='par_1_9' title="bbox 142 3942 1282 4136">
     <span class='ocr_line' id='line_1_34' title="bbox 225 3942 1281 4035; baseline -0.005 -23"><span class='ocrx_word' id='word_1_244' title='bbox 225 3946 265 4035; x_wconf 76' lang='lat' dir='ltr'>c]</span> <span class='ocrx_word' id='word_1_245' title='bbox 291 3973 337 4002; x_wconf 91' lang='lat'>=</span> <span class='ocrx_word' id='word_1_246' title='bbox 359 3949 392 4008; x_wconf 84' lang='lat'>0.</span> <span class='ocrx_word' id='word_1_247' title='bbox 418 3942 521 4010; x_wconf 86' lang='lat' dir='ltr'>Dorv.</span> <span class='ocrx_word' id='word_1_248' title='bbox 544 3973 588 4001; x_wconf 93' lang='lat'>=</span> <span class='ocrx_word' id='word_1_249' title='bbox 609 3951 732 4011; x_wconf 77' lang='lat' dir='ltr'>Medici.</span> <span class='ocrx_word' id='word_1_250' title='bbox 758 3960 785 4011; x_wconf 84' lang='lat'>3.</span> <span class='ocrx_word' id='word_1_251' title='bbox 818 3944 923 4030; x_wconf 85' lang='lat' dir='ltr'>Ziegl.</span> <span class='ocrx_word' id='word_1_252' title='bbox 948 3983 989 3994; x_wconf 90' lang='lat'><em>-</em></span> <span class='ocrx_word' id='word_1_253' title='bbox 1012 3943 1127 4009; x_wconf 87' lang='lat' dir='ltr'>Ambr.</span> <span class='ocrx_word' id='word_1_254' title='bbox 1157 3967 1206 4010; x_wconf 92' lang='lat' dir='ltr'>nr.</span> <span class='ocrx_word' id='word_1_255' title='bbox 1231 3948 1281 4008; x_wconf 87' lang='grc'>75.</span> 
     </span>
     <span class='ocr_line' id='line_1_35' title="bbox 142 4043 1282 4136; baseline -0.005 -19"><span class='ocrx_word' id='word_1_256' title='bbox 142 4051 277 4118; x_wconf 89' lang='lat' dir='ltr'>membr.</span> <span class='ocrx_word' id='word_1_257' title='bbox 294 4073 361 4116; x_wconf 86' lang='lat' dir='ltr'>sec.</span> <span class='ocrx_word' id='word_1_258' title='bbox 381 4065 438 4112; x_wconf 87' lang='lat' dir='ltr'>xv.</span> <span class='ocrx_word' id='word_1_259' title='bbox 454 4091 497 4101; x_wconf 91' lang='lat'><em>-</em></span> <span class='ocrx_word' id='word_1_260' title='bbox 509 4052 581 4136; x_wconf 57' lang='lat' dir='ltr'>(ch)</span> <span class='ocrx_word' id='word_1_261' title='bbox 610 4054 732 4116; x_wconf 77' lang='lat' dir='ltr'>Theocr.</span> <span class='ocrx_word' id='word_1_262' title='bbox 750 4043 897 4135; x_wconf 80' lang='grc' dir='ltr'><strong>Ἐπιγρ.</strong></span> <span class='ocrx_word' id='word_1_263' title='bbox 912 4059 997 4115; x_wconf 91' lang='lat' dir='ltr'>XIX.</span> <span class='ocrx_word' id='word_1_264' title='bbox 1014 4057 1100 4113; x_wconf 91' lang='lat' dir='ltr'>XXI.</span> <span class='ocrx_word' id='word_1_265' title='bbox 1120 4053 1185 4114; x_wconf 83' lang='lat' dir='ltr'>Ine.</span> <span class='ocrx_word' id='word_1_266' title='bbox 1206 4057 1282 4130; x_wconf 77' lang='lat' dir='ltr'>VII,</span> 
     </span>
    </p>
   </div>
   <div class='ocr_carea' id='block_1_7' title="bbox 140 4153 1281 4348">
    <p class='ocr_par' dir='ltr' id='par_1_10' title="bbox 140 4153 1281 4348">
     <span class='ocr_line' id='line_1_36' title="bbox 141 4153 1281 4246; baseline -0.005 -24"><span class='ocrx_word' id='word_1_267' title='bbox 141 4157 259 4222; x_wconf 87' lang='lat' dir='ltr'>deinde</span> <span class='ocrx_word' id='word_1_268' title='bbox 282 4165 359 4246; x_wconf 89' lang='lat' dir='ltr'>post</span> <span class='ocrx_word' id='word_1_269' title='bbox 386 4154 451 4220; x_wconf 91' lang='lat' dir='ltr'>duo</span> <span class='ocrx_word' id='word_1_270' title='bbox 470 4177 573 4221; x_wconf 85' lang='lat' dir='ltr'>vacua</span> <span class='ocrx_word' id='word_1_271' title='bbox 597 4154 678 4220; x_wconf 87' lang='lat' dir='ltr'>folia</span> <span class='ocrx_word' id='word_1_272' title='bbox 699 4155 740 4220; x_wconf 87' lang='lat' dir='ltr'>ab</span> <span class='ocrx_word' id='word_1_273' title='bbox 761 4155 828 4220; x_wconf 86' lang='lat' dir='ltr'>alia</span> <span class='ocrx_word' id='word_1_274' title='bbox 843 4179 943 4222; x_wconf 89' lang='lat' dir='ltr'>manu</span> <span class='ocrx_word' id='word_1_275' title='bbox 962 4153 1031 4243; x_wconf 63' lang='lat'>(0²)</span> <span class='ocrx_word' id='word_1_276' title='bbox 1072 4158 1195 4218; x_wconf 78' lang='lat' dir='ltr'>ilteocr.</span> <span class='ocrx_word' id='word_1_277' title='bbox 1219 4162 1281 4216; x_wconf 81' lang='lat'>1-</span> 
     </span>
     <span class='ocr_line' id='line_1_37' title="bbox 140 4257 1281 4348; baseline -0.007 -22"><span class='ocrx_word' id='word_1_278' title='bbox 140 4269 198 4326; x_wconf 83' lang='lat'>111.</span> <span class='ocrx_word' id='word_1_279' title='bbox 220 4269 253 4326; x_wconf 77' lang='lat' dir='ltr'>V.</span> <span class='ocrx_word' id='word_1_280' title='bbox 272 4267 332 4324; x_wconf 80' lang='grc' dir='ltr'>ιν.</span> <span class='ocrx_word' id='word_1_281' title='bbox 355 4267 404 4324; x_wconf 62' lang='lat' dir='ltr'>y,</span> <span class='ocrx_word' id='word_1_282' title='bbox 426 4267 509 4326; x_wconf 69' lang='lat' dir='ltr'>vnn</span> <span class='ocrx_word' id='word_1_283' title='bbox 528 4261 598 4348; x_wconf 52' lang='grc' dir='ltr'>(αα)</span> <span class='ocrx_word' id='word_1_284' title='bbox 623 4269 802 4327; x_wconf 69' lang='lat' dir='ltr'>ris-mn.</span> <span class='ocrx_word' id='word_1_285' title='bbox 819 4269 873 4328; x_wconf 71' lang='lat' dir='ltr'>aa.</span> <span class='ocrx_word' id='word_1_286' title='bbox 889 4264 1016 4326; x_wconf 66' lang='lat' dir='ltr'>iterim.</span> <span class='ocrx_word' id='word_1_287' title='bbox 1035 4257 1281 4344; x_wconf 57' lang='lat' dir='ltr'>xlv-aurp.</span> 
     </span>
    </p>
   </div>
   <div class='ocr_carea' id='block_1_8' title="bbox 209 4471 1242 4544">
    <p class='ocr_par' dir='ltr' id='par_1_11' title="bbox 209 4471 1242 4544">
     <span class='ocr_line' id='line_1_38' title="bbox 209 4471 1242 4544; baseline -0.002 -17"><span class='ocrx_word' id='word_1_288' title='bbox 209 4475 238 4542; x_wconf 75' lang='lat'>⁸)</span> <span class='ocrx_word' id='word_1_289' title='bbox 257 4477 307 4527; x_wconf 78' lang='lat' dir='ltr'>Its</span> <span class='ocrx_word' id='word_1_290' title='bbox 326 4479 398 4526; x_wconf 84' lang='lat' dir='ltr'>teste</span> <span class='ocrx_word' id='word_1_291' title='bbox 415 4475 562 4539; x_wconf 79' lang='lat' dir='ltr'>Muellero,</span> <span class='ocrx_word' id='word_1_292' title='bbox 581 4493 698 4530; x_wconf 82' lang='lat' dir='ltr'>1-xv1.</span> <span class='ocrx_word' id='word_1_293' title='bbox 714 4476 823 4544; x_wconf 79' lang='lat' dir='ltr'>volgari</span> <span class='ocrx_word' id='word_1_294' title='bbox 844 4477 939 4528; x_wconf 87' lang='lat' dir='ltr'>ordine</span> <span class='ocrx_word' id='word_1_295' title='bbox 956 4473 1080 4540; x_wconf 77' lang='lat' dir='ltr'>Zieglero</span> <span class='ocrx_word' id='word_1_296' title='bbox 1098 4471 1242 4525; x_wconf 76' lang='lat' dir='ltr'>referente.</span> 
     </span>
    </p>
   </div>
   <div class='ocr_carea' id='block_1_9' title="bbox 0 0 1498 5060">
    <p class='ocr_par' dir='ltr' id='par_1_12' title="bbox 0 0 1498 5060">
     <span class='ocr_line' id='line_1_39' title="bbox 0 0 1498 5060; baseline 0 0"><span class='ocrx_word' id='word_1_297' title='bbox 0 0 1498 5060; x_wconf 95' lang='lat' dir='ltr'> </span> 
     </span>
    </p>
   </div>
  </div>
 </body>
</html>
