2968 5060
591 369 799 418 Paterculo.
1163 369 1259 418 mv

109 519 242 607 cipetum
272 522 456 602 concessi,
498 543 559 588 nee
590 523 697 586 minus
729 521 853 586 codicis
884 519 1152 586 Vindobonensis
1185 521 1255 588 Sto

118 627 226 694 bacani
247 624 423 692 collationi
443 627 717 694 Gaisfordianae.
762 625 921 712 Reliquus
938 625 1128 694 collationes
1147 630 1255 694 minus

116 733 268 820 religiose
296 733 458 818 distinui3
496 734 579 799 adeo
600 731 791 820 aliquoties,
819 733 878 798 ubi
905 755 948 797 ex
969 732 1141 798 Ducbneri
1160 735 1257 802 colla·

115 844 262 909 tionibus
292 841 445 907 codicum
474 839 700 906 Parisinorum
725 839 907 904 certissime
929 839 1128 927 apparebat,
1157 862 1257 905 unum

112 949 298 1014 alterumve
312 945 520 1032 reliquorum
534 942 724 1010 collatorum
742 943 827 1008 falsa
841 945 1008 1028 retulisse,
1028 946 1131 1011 sulam
1148 948 1257 1014 lectio-

110 1079 191 1121 nem
210 1056 255 1120 ab
273 1055 331 1120 illo
346 1053 513 1117 firmatam
529 1049 696 1134 adnotavi,
720 1051 778 1116 sed
793 1051 957 1138 adscripto
967 1051 1158 1134 ,collationis
1173 1053 1258 1140 siglo

109 1173 148 1227 ut
174 1166 235 1227 M*
278 1161 456 1226 Lectiones
479 1180 500 1222 a
519 1156 768 1244 Weissgerbero
785 1157 828 1222 ad
848 1158 985 1224 Theocr.
1008 1176 1066 1224 xv,
1088 1159 1161 1224 init.
1183 1183 1255 1246 pro·

109 1271 202 1336 latas
223 1268 363 1354 neglexi
383 1275 519 1354 propter
541 1263 656 1328 miram
677 1285 753 1328 cum
773 1263 909 1351 reliquis
935 1263 1166 1332 collationibus
1190 1265 1254 1330 dis-

106 1377 339 1464 crepantiam,
366 1395 428 1438 nce
450 1373 561 1436 minus
583 1368 757 1456 plerasque
778 1393 799 1435 a
823 1372 980 1439 Wartono
1002 1373 1036 1437 in
1052 1370 1147 1436 Notis
1168 1393 1253 1438 corn-

107 1491 330 1564 memoratas,
359 1479 480 1568 quibus
503 1476 627 1542 nullam
649 1474 745 1540 fidem
769 1475 883 1544 haberi
905 1503 1002 1566 posse
1024 1477 1254 1545 intellexerim.

202 1589 315 1670 Quum
346 1607 426 1652 vero
453 1585 489 1650 id
510 1603 658 1669 agarena
690 1592 728 1647 ut
747 1585 1003 1670 perspiceretur,
1026 1605 1124 1671 quam
1145 1585 1255 1652 lectio-

107 1720 191 1762 nem
216 1697 252 1760 in
283 1715 414 1781 quoque
441 1691 514 1758 loco
537 1689 765 1775 unusquisque
790 1688 877 1754 liber
897 1687 1050 1772 baberet,
1080 1690 1256 1778 plurimum

108 1797 326 1866 difficultatis
348 1798 427 1863 inde
449 1794 659 1878 nascebatur,
683 1796 773 1882 quod
793 1793 923 1860 codices
942 1794 1083 1861 bucolici
1105 1817 1256 1882 magnam

111 1915 245 1996 partem
272 1907 321 1969 ita
349 1903 461 1968 collati
484 1910 574 1982 sunt,
602 1909 638 1965 ut
664 1907 782 1966 alentio
807 1898 993 1965 collationis
1022 1903 1158 1968 multum
1180 1903 1257 1969 fidei
1340 1961 1344 1970 .

112 2013 232 2080 baberi
250 2020 410 2098 nequeat,
442 2006 562 2074 deinde
585 2007 674 2092 quod
705 2029 781 2072 cum
811 2007 913 2073 variis
938 2007 1138 2076 editionibus
1161 2008 1257 2095 idque

109 2119 311 2206 plerumque
337 2137 406 2180 nou
433 2113 599 2178 indicatis.
645 2111 774 2194 Quibus
797 2116 1012 2180 incommodis
1035 2125 1072 2180 ut
1097 2114 1255 2196 mederer,

110 2233 277 2313 quantum
299 2222 371 2287 fieri
393 2229 524 2309 posset,
552 2219 604 2284 bis
624 2223 786 2286 institutis
807 2244 888 2288 usus
908 2245 991 2288 sum.
1037 2219 1255 2320 Collaticnum

112 2328 492 2396 Sanctaurandiauarum
508 2333 541 2390 et
554 2326 836 2394 Dorvillianarum
852 2329 953 2394 tacita
965 2329 1152 2395 testimonia
1164 2350 1254 2416 pror-

113 2461 172 2502 sus
187 2435 393 2522 negligenda
408 2433 489 2498 duxi
500 2443 638 2520 excepto
652 2455 717 2501 uno
731 2435 843 2501 codice
854 2437 975 2522 optimo
988 2441 1016 2513 s.
1032 2435 1076 2501 ad
1089 2433 1214 2500 Mosch.
1227 2451 1251 2497 1.

113 2541 227 2623 Quum
250 2563 331 2606 vero
354 2537 496 2624 singulis
516 2537 655 2624 idylliis,
678 2561 762 2626 quae
782 2542 817 2605 iu
836 2539 929 2606 libris
946 2541 1105 2610 bucolicis
1127 2552 1251 2626 extant,

113 2659 147 2712 et
163 2647 452 2735 Epigrammatum
468 2643 652 2710 collectioni
670 2644 845 2730 librorum,
861 2669 998 2732 quorum
1013 2651 1140 2734 integra
1156 2648 1253 2713 lectio

114 2753 268 2818 exhibita
288 2760 355 2833 est,
383 2749 511 2814 indices
533 2749 757 2837 praefixorim,
788 2753 823 2816 in
848 2752 899 2817 his
923 2755 1081 2820 asterisco
1103 2756 1253 2842 apposito

114 2883 172 2924 cos
194 2857 328 2924 codices
351 2857 507 2938 distinxi,
537 2879 672 2944 quorum
698 2860 916 2924 accuratiores
938 2859 1130 2927 collationes
1153 2863 1253 2939 ctiam

115 2967 251 3052 inipso
279 2965 413 3029 silentio
442 2961 555 3050 aliqua
580 2957 646 3024 fide
673 2959 766 3045 digni
795 2987 861 3030 non
889 2975 1014 3032 extant.
1059 2967 1152 3032 Libri
1174 2989 1252 3032 vcro

114 3073 276 3136 asterisco
297 3079 448 3136 carentes
468 3091 566 3156 quam
585 3066 756 3132 lectionem
779 3071 813 3134 in
833 3093 961 3157 quoque
982 3071 1053 3139 loco
1073 3073 1252 3140 seeundum

115 3175 285 3242 silentium
307 3174 519 3242 collationum
541 3175 604 3241 fide
628 3175 815 3261 digniorum
838 3176 960 3241 habere
979 3177 1186 3258 viderentur,
1207 3179 1254 3242 di-

116 3283 261 3368 liganter
287 3283 462 3368 inquisivi,
498 3282 540 3346 cf.
569 3303 652 3369 quae
690 3301 793 3367 supra
819 3279 860 3344 de
890 3282 995 3346 variis
1027 3279 1254 3346 collationibus

118 3387 286 3475 disputata
308 3398 395 3452 sunt.
441 3387 509 3452 Eas
527 3387 683 3452 lectiones
705 3384 808 3449 variis
829 3385 937 3451 medis
960 3384 1160 3472 significavi:

202 3493 237 3578 a)
261 3491 367 3578 Saepe
389 3494 538 3559 codicum
561 3492 646 3578 sigla
670 3489 826 3556 cancellis
844 3491 971 3557 inclusa
992 3491 1193 3578 addidimus,
1216 3505 1252 3562 ut

118 3595 280 3680 sciath),
309 3620 374 3685 quo
406 3598 611 3684 significatur
639 3619 711 3661 eam
734 3595 906 3662 lectionem
927 3598 1032 3664 codici
1053 3604 1084 3664 lc.
1108 3599 1251 3669 collatio·

117 3705 168 3770 nis
190 3703 323 3770 silentio
343 3701 517 3768 vindicari.
560 3704 596 3768 Si
623 3725 690 3791 qua
717 3703 813 3769 lectio
840 3703 939 3770 alicui
960 3704 1043 3772 libro
1066 3710 1185 3795 partim
1204 3711 1250 3775 di·

118 3821 201 3877 serte
226 3812 345 3899 partim
373 3807 474 3872 tacite
497 3803 665 3892 tribuitur,
694 3808 779 3874 hanc
807 3819 934 3895 partem
955 3813 1250 3902 circumsepsimus,

119 3927 152 3982 nt
170 3906 369 4004 (οὐδέποθ’)
387 3914 455 3978 ἵκει
470 3913 515 3995 lu,
536 3917 621 3982 unde
640 3915 781 4000 intelligi
797 3915 945 3980 volumus
964 3909 1129 3984 οὐδέποθ’
1155 3922 1251 3987 silen-

117 4026 160 4090 tio
175 4021 378 4102 collationis,
399 4019 466 4083 ἵκει
484 4041 563 4086 vero
579 4022 702 4088 diserto
715 4022 902 4087 testimonio
917 4025 1021 4090 codici
1037 4025 1072 4090 k.
1094 4025 1249 4094 adscribi.

119 4131 186 4196 Hoc
215 4153 296 4196 vero
332 4125 487 4192 instituto
517 4124 586 4192 fere
618 4149 684 4193 non
717 4129 769 4192 usi
803 4149 915 4193 sumus
949 4139 1178 4217 praeterquam
1215 4134 1250 4196 in

116 4237 344 4305 collationibus
361 4231 579 4317 Ziegleriania
597 4242 630 4299 et
643 4243 789 4300 nostrum
805 4235 838 4298 in
853 4256 949 4300 usum
968 4235 1145 4317 confectis,
1166 4257 1249 4322 quae

117 4345 220 4436 paullo
240 4345 371 4410 maiore
392 4339 456 4402 fide
478 4337 597 4424 dignae
620 4347 707 4404 sunt.

191 4452 230 4540 b)
259 4447 409 4536 Saepius
437 4444 519 4530 siglo
541 4451 620 4527 uate.
648 4445 854 4527 ualeamus,
882 4445 970 4532 quod
998 4444 1097 4508 alicui
1119 4442 1250 4515 lectioni
