2946 5046
603 405 808 454 Paternum.
1219 401 1282 452 Llll

135 569 261 657 phrasin
286 573 471 656 exhibent,
501 575 565 644 alia
590 578 682 665 quasi
701 575 887 642 aesthctica
917 585 1008 657 sunt,
1037 581 1072 640 ut
1096 573 1191 641 hodie
1217 577 1282 643 dici

134 670 278 760 solesp.
306 681 389 760 123,
411 681 588 761 23-227,
614 679 762 760 1-228,
785 680 856 760 ut,
879 699 1037 764 quocum
1060 675 1130 743 loco
1152 679 1283 764 egregie

130 775 292 862 conspirat
329 779 407 846 sch.
435 807 467 871 p.
497 783 574 864 320,
605 784 634 848 3.
669 781 746 845 itcm
779 801 831 844 mc
860 779 974 864 judice
994 778 1209 861 ,Planudcum
1241 781 1282 844 ad

129 881 231 958 1,19.
253 879 308 942 20.
359 881 465 949 Haud
508 905 590 949 auca
606 882 735 948 illorum
753 881 949 948 scholiorum
965 880 1205 968 Moschopuleis
1227 881 1282 946 ad-

127 977 275 1064 haerent,
299 993 342 1050 ut
367 1007 410 1051 ea
432 1007 452 1050 a
476 907 623 1050 incude
644 995 739 1049 aucta
760 1005 830 1049 esse
851 961 1044 1066 videantur,
1069 985 1120 1048 cui
1144 982 1290 1052 sortasse·

126 1081 220 1144 ctiam
238 1081 301 1148 illa
325 1109 404 1152 cam
428 1088 582 1153 orationis
604 1085 847 1152 continuitatem
863 1083 1037 1172 aliquoties
1058 1083 1195 1168 debent,
1218 1108 1282 1175 qua

123 1184 153 1245 in
177 1183 264 1250 Call.
290 1197 449 1254 utuntur.
494 1187 646 1256 Ceterum
669 1209 745 1275 pars
768 1185 896 1253 illorum
924 1185 1059 1252 anobis
1081 1196 1149 1252 tum
1173 1191 1281 1256 minus

123 1295 226 1368 recte,
249 1299 289 1354 ut
313 1313 411 1355 nunc
425 1291 570 1372 videtur,
589 1289 813 1375 judicantibus
828 1290 914 1354 iuter
933 1285 1070 1353 SchVet.
1089 1292 1197 1375 posita
1215 1301 1280 1375 cst3

122 1394 348 1474 nequeenim
382 1414 456 1458 raro
486 1391 630 1456 dubitari
657 1399 765 1478 potest
787 1391 828 1456 dc
854 1387 986 1454 scholiis
1010 1387 1281 1476 Calliergisnisa

122 1487 225 1554 111111·
257 1501 293 1556 ct
317 1494 417 1580 Lips.
441 1492 573 1576 alienis,
596 1501 703 1558 utrum
730 1492 772 1556 ad
800 1491 975 1558 secundam
997 1492 1211 1558 vetustiorum
1233 1493 1279 1558 f-

123 1591 245 1658 miliam
279 1595 466 1666 referenda
499 1583 564 1660 sint
595 1617 637 1659 an
669 1594 711 1659 ad
742 1593 933 1659 Planudem.
978 1592 1112 1680 Aliquot
1139 1617 1181 1659 ex
1214 1593 1279 1660 illis

125 1691 273 1776 scholiis,
307 1719 399 1785 quac
418 1696 559 1763 Planudi
581 1698 725 1762 tribucre
744 1697 850 1760 visum
870 1705 938 1776 est,
970 1695 1004 1758 in
1032 1694 1081 1760 his
1111 1695 1278 1762 codicibus

123 1805 234 1862 estare
257 1807 526 1884 cognoscuntur:
550 1801 652 1866 Gen.¹·
670 1823 701 1886 p.
724 1803 781 1880 31,
805 1799 937 1878 3-39,
960 1799 1089 1878 7-46,
1113 1800 1278 1880 22-147,

122 1899 373 1984 23-175‚·2.3
396 1900 436 1964 Ε.
457 1924 488 1987 p.
508 1907 583 1980 175,
602 1902 828 1982 2-235,10;
859 1898 975 1962 23111.
999 1922 1030 1985 p.
1056 1902 1131 1981 197,
1153 1903 1277 1985 5.;p0-

124 2009 243 2066 themo
264 2002 313 2067 1..
336 2023 434 2090 super
454 2000 557 2068 lineas
579 2029 608 2091 p.
627 2005 703 2085 218,
726 2007 774 2066 10.
791 2011 823 2066 11
845 2001 1056 2088 1111ῑί11228,
1075 2002 1141 2084 21,
1165 2002 1277 2088 inquo

123 2098 203 2168 libro
223 2127 303 2170 uon
326 2105 441 2170 dubito
460 2107 538 2192 quin
561 2105 640 2170 haee
664 2103 854 2169 recentioris
874 2124 989 2185 manus
1012 2104 1087 2166 sint.

207 2206 401 2273 Planudcm
428 2209 525 2272 etiam
546 2209 579 2272 in
605 2207 721 2294 idyllia
742 2205 829 2270 ultra
856 2213 1006 2270 octavum
1027 2213 1276 2270 commentatum

125 2329 211 2391 csse,
235 2333 258 2374 a
285 2307 501 2396 Moschopulo
524 2309 687 2396 neglecta,
712 2309 846 2394 exejus
870 2308 953 2392 siglo
974 2307 1009 2371 in
1030 2306 1128 2372 Borb.
1152 2307 1195 2372 ad
1217 2309 1277 2375 iui-

128 2409 203 2475 tium
227 2412 356 2478 docimi
380 2412 529 2498 apposito
551 2419 702 2500 apparet,
731 2409 817 2496 quod
840 2407 921 2474 mihi
943 2408 985 2472 ad
1008 2411 1114 2495 ipsum
1136 2411 1275 2497 primum

128 2511 290 2580 scholium
321 2537 352 2600 p.
378 2515 457 2594 312,
485 2519 532 2578 14.
559 2515 721 2600 pertinere
751 2511 890 2577 videtur.
937 2509 1199 2578 Consentaneum
1226 2525 1276 2580 est

128 2634 197 2679 eum
217 2616 266 2682 ad
296 2615 376 2680 hacc
406 2613 507 2680 multo
528 2615 623 2702 plura
644 2615 685 2679 dc
714 2637 771 2679 suo
792 2613 931 2678 dedissc.
976 2613 1049 2678 Jam
1071 2637 1149 2680 vero
1175 2638 1274 2702 quum

127 2715 209 2784 inter
232 2718 340 2783 libros
358 2719 504 2804 exceptis
526 2719 580 2800 iis,
603 2718 657 2803 qui
675 2715 877 2780 Tricliniana
896 2716 1018 2781 scholia
1040 2717 1175 2801 habent,
1192 2717 1272 2784 nulli

128 2819 167 2884 ad
192 2821 246 2886 Id.
277 2837 300 2884 11
324 2841 415 2906 seqq.
448 2818 571 2884 scholia
603 2819 793 2882 recentioris
823 2819 943 2906 speciei
972 2827 1105 2884 teneant
1133 2829 1273 2907 practer·
1311 2899 1319 2906 .

128 2943 225 3008 quam
247 2921 381 2987 codices
411 2921 590 2984 arctissime
613 2921 776 3008 conjuncti
804 2920 842 2983 E.
868 2919 907 2984 N.
933 2919 1065 3007 (quibus
1096 2923 1293 2990 adhaerent·

129 3027 286 3112 pauciora
312 3046 355 3088 ex
381 3022 420 3086 F.
444 3035 475 3086 ct
496 3046 521 3087 r.
546 3020 686 3108 prolata)
711 3029 743 3086 et
764 3023 805 3088 ad
825 3022 874 3086 Id.
897 3039 1054 3086 11-11111,
1077 3025 1176 3090 editio
1199 3025 1272 3090 Cal-

127 3125 240 3214 licrgi,
260 3125 404 3212 suspicio
421 3126 566 3190 noscitur
583 3124 697 3190 horum
713 3123 869 3189 librorum
890 3123 1021 3190 scholiis
1040 3128 1272 3192 recentioribus

130 3229 204 3294 inde
228 3229 273 3294 ab
293 3228 342 3292 Id.
368 3226 605 3305 lx.'Planudca
626 3225 772 3290 subesse.
817 3226 861 3290 Et
883 3225 1084 3310 Callicrgum
1105 3226 1162 3292 illa
1187 3229 1272 3293 co'di-

127 3353 198 3398 cum
221 3330 350 3396 samilia
373 3351 468 3394 usum
494 3327 664 3400 esseinde
687 3328 797 3414 colligi
824 3337 947 3415 potest,
970 3328 1054 3413 quod
1085 3329 1156 3414 ejus
1183 3331 1273 3394 scho-

127 3435 168 3500 lia
200 3434 389 3500 recentiora
415 3431 457 3496 sd
486 3431 534 3495 ld.
564 3447 733 3496 11-11111.
762 3433 796 3494 in
817 3430 915 3496 nullis
938 3430 1012 3498 aliis
1040 3429 1133 3494 libris
1160 3441 1272 3498 extare

126 3543 372 3624 cognoscuntur
399 3541 623 3622 praeterquam
650 3536 683 3596 in
710 3533 749 3597 N.
778 3558 810 3621 p.
835 3535 912 3615 336,
945 3536 993 3596 11.
1023 3539 1055 3597 11
1082 3531 1115 3596 in
1148 3557 1173 3599 r.
1197 3557 1271 3624 pag.

126 3645 204 3724 365,
229 3643 260 3704 8.
287 3638 330 3703 cf.
359 3635 490 3700 111129,
536 3636 674 3702 Accedit
702 3636 788 3722 quod
817 3635 1023 3722 paraphrasis
1052 3635 1271 3725 Callicrgiana

127 3742 301 3830 aliquoties
320 3739 453 3825 egregie
473 3741 638 3825 conspirat
659 3759 731 3802 cum
747 3737 876 3803 illorum
893 3738 1049 3804 librorum
1065 3738 1269 3824 lectionibus,

126 3846 318 3926 11111,49.,
341 3840 400 3905 uhi
422 3840 577 3906 scholium
601 3862 675 3906 eum
695 3840 806 3906 codice
825 3840 863 3905 F.
879 3837 934 3906 καὶ
950 3836 1079 3925 κύματα
1101 3865 1270 3908 commune

127 3947 238 4027 hahet,
269 3943 392 4009 deinde
420 3959 500 4025 x111,
528 3948 596 4020 lo,
629 3943 684 4007 ubi
712 3937 804 4024 θρύα
830 3965 902 4008 cum
931 3943 964 4010 k.
988 3945 1019 4010 h.
1049 3967 1075 4012 r.
1097 3970 1128 4010 v.
1159 3946 1267 4010 1111.

127 4048 242 4129 Vina,
279 4067 322 4110 ex
353 4043 470 4132 quibus
500 4043 530 4108 h.
560 4068 585 4108 r.
615 4069 646 4109 v.
675 4044 713 4109 F.
744 4047 828 4110 inter
850 4069 884 4112 se
907 4054 939 4110 11
961 4069 1033 4112 cum
1052 4047 1091 4114 Ε.
1115 4047 1155 4111 N.
1181 4031 1281 4112 arcte⁸

124 4152 228 4237 juncti
260 4155 349 4214 sunt.
396 4146 447 4212 De
469 4145 580 4212 indole
603 4147 797 4213 scholiorum
817 4147 948 4214 illorum
976 4147 1267 4235 Calliergianorum

127 4253 165 4317 ad
189 4251 240 4316 Id.
266 4265 457 4332 lx-xtlt,
479 4271 562 4336 quas
582 4248 724 4314 Planudi
747 4249 914 4314 vindicare
933 4252 1090 4316 audemus
1112 4248 1199 4313 infra
1220 4249 1267 4314 di-

126 4365 214 4422 cetur
228 4359 261 4436 g.
275 4357 308 4418 6.
338 4350 410 4416 Hoc
428 4362 535 4416 autem
557 4354 636 4416 satis
652 4361 776 4417 certum
791 4351 958 4436 habemus,
970 4351 1149 4416 Planudem
1169 4349 1268 4414 multo

125 4459 255 4547 saepius
297 4453 510 4541 Moschopulo
547 4452 678 4520 scholiis
710 4454 944 4520 vetustioribus
978 4473 1072 4518 usum
1104 4471 1191 4532 esse,
1227 4451 1268 4518 ad
