2968 5060
588 363 796 412 Paterculo.
1150 365 1260 413 cmx

125 526 210 582 ctum
225 517 392 602 congessi,
407 535 496 601 quae
518 517 553 580 in
570 517 672 582 variis
688 515 888 582 editionibus
907 525 939 580 et
960 516 1047 602 apud
1066 515 1261 583 Wissowam

125 623 261 688 Theocr.
294 621 435 686 Tbeocr.
451 645 485 708 p.
500 627 542 688 44
561 645 651 710 seqq.
671 622 821 709 dispersa
841 621 1185 705 commemorabantur,
1203 623 1261 688 sed

124 730 194 814 ipse
208 726 322 792 multis
339 727 421 793 locis
436 730 583 794 nondum
600 753 620 792 a
634 749 796 816 quoquam
819 727 974 792 indicatis
989 749 1157 792 nanterum
1173 733 1261 796 auxi.

123 832 450 898 Pseudo-Draconis
475 834 661 922 frequentia
684 835 873 902 testimonia
900 855 958 898 cur
983 837 1180 920 spreverim,
1208 860 1262 924 up-

122 949 218 1024 paret
239 939 363 1023 exiis,
385 963 472 1027 quae
496 963 600 1029 nuper
621 942 662 1008 ad
684 942 799 1007 Bionis
818 939 973 1027 Epitaph.
992 939 1101 1006 Adon.
1117 965 1193 1030 pag.
1211 945 1262 1008 26.

123 1045 212 1126 dixi,
254 1047 290 1110 in
323 1055 413 1112 tomo
441 1048 587 1112 secundo
620 1049 717 1114 huius
754 1049 863 1134 operis
895 1047 990 1134 plura
1025 1049 1262 1136 disputaturus.

123 1150 237 1216 Pauca
259 1151 329 1216 alia
349 1154 559 1235 testimonia,
582 1176 665 1241 quae
686 1155 891 1242 potissimum
914 1156 948 1218 iu
973 1154 1128 1222 Patribus
1149 1167 1263 1222 extare

122 1258 332 1342 relenmtur,
362 1259 437 1324 ideo
464 1261 576 1342 omisi,
609 1261 686 1346 quia
715 1262 804 1348 ipsos
830 1259 918 1324 locos
947 1263 1107 1348 inspicere
1137 1287 1202 1330 non
1225 1263 1262 1328 li·

123 1366 208 1446 cuit,
238 1386 340 1451 quum
370 1365 541 1452 scriptoris
574 1366 654 1430 mihi
682 1376 740 1430 aut
766 1365 857 1430 nulla
884 1367 1085 1455 exemplaria
1112 1378 1261 1457 suppete-

123 1479 198 1536 rent
216 1479 275 1534 aut
297 1471 431 1536 diversa
448 1471 492 1536 ab
515 1473 573 1554 iis,
593 1470 681 1536 unde
703 1470 766 1537 loci
789 1471 879 1537 allati
894 1484 997 1540 erant.
1036 1474 1156 1541 Parum
1175 1477 1261 1540 enim

123 1576 205 1640 utile
228 1599 303 1640 ease
325 1579 533 1662 existimari,
563 1580 739 1642 sitantum
768 1579 965 1664 iudicarem,
993 1581 1027 1646 id
1056 1583 1144 1668 quod
1165 1581 1262 1669 pleri·

123 1705 189 1769 que
222 1683 367 1748 editores
400 1683 566 1767 fecerunt,
600 1683 658 1748 ubi
686 1683 917 1751 Bucolicorum
949 1687 1053 1752 verba
1081 1689 1181 1754 allata
1209 1691 1262 1757 vel

125 1801 279 1880 respecta
306 1799 427 1858 essent.
479 1791 544 1856 Sed
569 1790 745 1875 diligenter
772 1791 962 1856 testimonia
990 1795 1038 1856 its
1065 1795 1203 1882 protuli,
1226 1806 1263 1860 ut

126 1909 301 1985 apparent,
324 1918 408 1986 qnae
427 1898 529 1963 verba
547 1919 675 1985 quaque
699 1895 806 1962 forma
827 1897 928 1961 allata
950 1899 1031 1984 sint,
1064 1901 1164 1988 idque
1185 1925 1263 1968 num

126 2002 241 2066 addito
270 2014 386 2090 potitae
413 2006 545 2070 nomine
574 2026 617 2070 an
643 2006 755 2068 tacite.
800 2003 945 2072 Enotavi
967 2008 1065 2072 etiam
1087 2009 1196 2073 varias
1218 2009 1262 2074 le-

125 2111 271 2188 ctiones,
290 2112 411 2197 partim
433 2111 468 2175 in
486 2112 564 2176 Ver.
588 2112 679 2176 Lect.
701 2112 821 2198 partim
844 2111 878 2176 in
897 2111 1085 2196 Testimm,
1114 2118 1260 2203 exceptis

126 2215 317 2281 levissimis.

211 2323 248 2408 5)
268 2327 451 2388 Interiores
474 2347 575 2412 quum
596 2325 686 2391 haud
704 2347 778 2391 roro
800 2323 994 2390 utilissimae
1010 2325 1076 2392 sint
1095 2327 1137 2392 ad
1152 2326 1260 2394 lectio·
1322 2389 1326 2398 .

131 2449 190 2491 nes
209 2425 264 2492 vel
285 2429 528 2496 confirmandas
556 2431 610 2498 vel
636 2431 863 2520 corrigendas,
893 2435 989 2497 etiam
1017 2432 1077 2498 has
1099 2437 1262 2522 conquisi-

125 2545 177 2598 tas
199 2557 364 2623 apponere
387 2535 528 2622 placuit3
551 2560 690 2626 querum
711 2540 848 2621 multas,
868 2539 1038 2605 cGraecis
1055 2541 1262 2628 potissimum

127 2641 358 2729 scriptoribus,
387 2665 485 2708 nemo
513 2653 589 2709 aute
613 2641 828 2709 indicaverat.
886 2645 969 2712 Oavi
998 2655 1106 2710 autem
1134 2668 1175 2712 ne
1202 2667 1262 2732 pro

127 2749 369 2815 imitationibus
403 2750 623 2834 venditorem,
664 2759 703 2814 ut
734 2747 811 2813 olim
841 2751 1006 2835 solebant,
1049 2773 1262 2838 quaecunque

127 2855 215 2942 apud
236 2857 455 2922 recentiorem
477 2858 668 2944 scriptorem
687 2855 838 2922 similiter
857 2857 1046 2922 dictasunt
1090 2859 1130 2920 In
1152 2857 1193 2920 iis
1215 2865 1262 2922 ta-

127 2986 202 3028 men
234 2961 452 3050 scriptoribus
480 2970 514 3026 et
545 2961 656 3045 libris,
682 2963 739 3050 qui
766 2963 888 3048 apertis
915 2963 1137 3029 bucolicorum
1164 2963 1263 3028 Grae·

127 3093 239 3134 corum
262 3069 504 3136 imitationibus
534 3066 623 3156 pleni
647 3075 739 3149 sunt,
769 3067 899 3134 facilius
927 3070 1143 3136 imitationem
1163 3091 1262 3154 agno·

126 3179 171 3242 vi.
217 3175 388 3257 Quosdam
413 3177 502 3242 locos
531 3177 617 3240 inter
647 3174 846 3237 imitationes
873 3177 999 3262 recepi,
1030 3175 1172 3238 fortasse
1198 3198 1263 3240 non

127 3283 251 3370 optimo
276 3283 346 3346 iure
375 3263 421 3346 eo'
443 3279 581 3366 relatos,
610 3278 670 3345 sed
697 3277 753 3343 vel
776 3279 824 3342 sio
846 3278 890 3342 ad
911 3277 1150 3342 emendandam
1176 3279 1263 3344 codi-

127 3410 202 3452 cum
224 3386 400 3453 lectionem
429 3387 542 3471 utiles;
571 3408 632 3452 nec
657 3386 766 3448 minus
796 3405 851 3449 eos
876 3383 964 3449 locos
992 3382 1146 3470 toleravi,
1179 3409 1262 3474 quae

127 3503 216 3559 recte
234 3493 442 3559 imitationes
463 3493 678 3574 haberentur,
706 3490 770 3555 uisi
791 3491 938 3556 carmina
960 3491 1012 3557 vel
1036 3513 1166 3578 versus,
1197 3517 1260 3581 quo

127 3603 308 3688 pertinent,
332 3601 369 3662 in
392 3598 611 3685 suspicionem
634 3598 799 3663 caderent.

212 3813 330 3878 Restat
354 3820 392 3876 ut
413 3811 496 3876 viris
514 3810 554 3875 de
574 3810 634 3877 hoc
656 3833 752 3898 opere
773 3811 862 3876 bene
890 3809 1014 3875 meritis
1040 3810 1167 3876 debitos
1188 3833 1260 3898 gra·
1305 3893 1309 3902 ¹

127 3921 188 3984 tias
208 3939 319 4004 agam.
366 3916 564 3982 Gratissimo
585 3917 687 4002 igitur
707 3917 814 3981 animo
836 3917 976 4002 primum
990 3915 1260 3982 bibliothecarum

126 4025 310 4112 praefectos
331 4023 483 4107 nomino,
506 4025 563 4108 qui
585 4022 708 4107 insigni
727 4020 922 4087 liberalitate
945 4029 979 4085 ot
999 4019 1202 4086 humanitate
1223 4021 1261 4086 li-

127 4133 218 4215 bros,
249 4130 375 4218 partim
397 4128 666 4212 pretiosissimos,
688 4127 769 4192 mihi
795 4126 1002 4212 usurpandos
1025 4127 1257 4212 permiserunt:

128 4243 257 4302 Geelium
286 4231 510 4299 bibliothecae
538 4232 769 4318 Lugdunensis
796 4232 997 4316 praefectum
1004 4281 1013 4314 ,
1049 4235 1261 4292 Hubmancum

128 4339 339 4421 llfeldensis,
379 4341 541 4403 Haeclcium
568 4338 813 4424 Gottingensis,
845 4343 1022 4402 Klemmium
1051 4333 1261 4415 Dresdcusis,

127 4451 346 4512 darmannum
380 4441 558 4527 Lipsiensis
586 4442 740 4526 urbicae,
774 4447 972 4508 Petersear'um
999 4436 1261 4521 Hamburgensis
