2968 5060
244 357 341 405 LXXX
700 359 909 409 russanum.

242 507 398 592 Iohann.,
429 511 704 576 &manarum
730 510 1012 598 Guelferbytanae
1037 515 1108 600 (qui
1135 537 1240 603 nuper
1267 515 1380 603 longis

242 622 274 677 ct
293 615 501 699 gravissimis
524 619 670 704 corporis
698 616 794 682 malis
816 626 921 683 morte
940 617 1100 684 liberatus
1121 621 1204 704 est),
1232 625 1379 687 Semele-

241 741 308 784 rum
326 720 540 787 Basileensis.
585 724 716 790 Deinde
743 723 885 810 plurima
910 745 962 789 me
989 724 1143 811 profiteor
1170 733 1297 794 Αηιεεζςὶο
1319 729 1377 793 de-

239 830 332 910 bere,
362 829 434 915 qni,
459 851 519 915 per
543 829 618 916 plus
648 829 836 917 quindecim
859 850 963 895 annos
991 832 1025 896 in
1047 831 1214 898 Bucolicis
1237 833 1375 898 Graecis

239 933 452 1000 emendandis
473 944 506 998 et
527 935 780 1022 interpretandis
801 937 872 1023 ipse
891 937 1051 1022 singulari
1065 937 1241 1024 diligentia
1253 948 1286 1003 et
1299 961 1375 1003 curn

239 1043 361 1130 optimo
399 1038 508 1104 fructu
537 1052 705 1124 versatus,
740 1041 845 1108 noluit
871 1043 1072 1109 Hesiodcum
1104 1042 1198 1108 illum
1227 1043 1373 1129 κεραμέα

240 1155 380 1229 κεραμεῖ
399 1145 601 1228 φθονοῦντα
623 1149 761 1232 imitari,
789 1149 848 1214 sed
878 1161 1013 1236 rogatus
1032 1159 1131 1237 atque
1149 1172 1215 1215 non
1238 1157 1372 1236 rogatus

237 1274 365 1318 omnem
392 1273 486 1316 suum
513 1262 705 1340 apparatum
732 1255 882 1320 criticum
917 1254 1145 1337 collationum,
1180 1255 1371 1336 editionum,

237 1358 504 1424 dissertationum
526 1359 762 1426 candidissime
784 1385 910 1428 mecum
932 1361 1197 1426 communicavit.
1243 1360 1312 1426 Nee
1328 1361 1372 1424 le-

237 1469 293 1534 via
320 1476 412 1550 sunt,
450 1466 533 1552 quae
559 1470 743 1533 Beltmunm'
771 1471 937 1535 amicitiae
971 1465 1092 1549 debe03
1127 1469 1185 1555 qui
1213 1468 1372 1532 historiae

237 1573 455 1639 Germanicae
482 1569 630 1636 lontibus
655 1577 887 1662 conquirendis
915 1572 1032 1640 Italiae
1059 1571 1278 1640 bibliothecas
1299 1599 1372 1664 per-

236 1679 396 1762 lustrans,
418 1679 453 1742 in
475 1678 636 1742 Vaticana
657 1679 826 1763 habitans,
847 1681 888 1746 de
909 1678 1077 1746 codicibus
1100 1677 1260 1744 bucolicis
1283 1680 1373 1748 hand

235 1807 341 1874 pauca
362 1787 447 1849 scitu
469 1783 570 1870 digna
593 1793 625 1848 et
647 1786 807 1872 quaedam
837 1788 919 1852 adeo
950 1787 1126 1852 utilissima
1147 1787 1227 1852 mibi
1246 1789 1370 1870 retulit,

237 1895 378 1981 denique
401 1891 550 1957 codicum
566 1890 799 1958 vaticanorum
819 1893 1091 1960 conferendorum
1109 1893 1272 1980 interpres
1297 1895 1369 1960 fuit

236 2005 392 2068 Duelaero
410 2019 507 2086 quam
529 1999 664 2083 egregia
685 2008 877 2064 ornamenta
899 2001 980 2064 haec
1005 1999 1105 2064 editio
1128 2009 1265 2086 accepta
1285 2001 1369 2066 refe·
1466 2025 1468 2040 ¹

237 2121 304 2192 rat,
324 2117 356 2172 et
381 2107 462 2172 haec
484 2103 646 2190 praefatio
672 2113 706 2168 et
734 2107 870 2193 quaevis
898 2105 968 2170 fere
989 2106 1113 2191 pagina
1140 2105 1247 2171 docet.
1293 2107 1368 2173 Nun

236 2219 316 2281 satis
337 2213 472 2291 docent,
503 2230 600 2295 quam
622 2210 809 2276 incredibili
838 2211 1010 2298 patientia,
1044 2231 1141 2297 quarn
1167 2210 1239 2296 ipse
1270 2234 1369 2300 saepe

235 2319 374 2387 verebar
392 2337 433 2380 ne
455 2315 644 2398 fatigarem,
676 2339 749 2380 mea
777 2338 877 2382 causa
900 2317 934 2380 in
956 2315 1125 2380 codicibus
1146 2317 1368 2384 minutissime

235 2419 441 2489 excutiendis
462 2427 511 2501 et,
535 2419 564 2483 si
582 2441 647 2506 qua
670 2420 830 2486 dubitatio
845 2421 960 2487 relicta
980 2427 1082 2502 esset,
1102 2421 1220 2485 iterum
1234 2423 1368 2488 iterum-

235 2551 297 2619 que
320 2525 511 2592 evolvendis
534 2525 753 2592 desudaverit.
787 2526 923 2592 Praeter
945 2525 1003 2590 bos
1018 2523 1183 2592 Bucolicis
1205 2529 1290 2594 meis
1310 2530 1365 2595 hu-

234 2633 424 2700 manissime
447 2641 480 2695 ct
506 2630 747 2696 officiosissime
769 2634 1020 2720 praestiterunt,
1048 2640 1205 2718 quantum
1236 2636 1292 2702 vel
1317 2659 1366 2702 ro-

234 2761 389 2829 gaveram
410 2736 464 2802 vel
484 2737 613 2802 occasio
638 2734 781 2822 ferebat,
807 2742 979 2814 Bonilziua
1002 2741 1068 2802 Em.
1089 2741 1261 2820 Bracaris,
1288 2749 1365 2810 Gurl.

232 2852 417 2924 Diadorfiua
441 2848 674 2922 Freiburuerru,
690 2847 844 2923 Halmius,
866 2849 1093 2923 Lorenlzcm'us,
1113 2849 1172 2910 Ius.
1188 2852 1364 2928 Muellerus,

231 2959 488 3035 Schneidervr'nas,
515 2957 770 3028 ereslemunaus,
796 2973 931 3036 quorum
959 2951 1077 3016 merita
1098 2951 1167 3018 fere
1193 2955 1261 3018 suis
1284 2955 1365 3020 locis

233 3061 418 3126 accuratius
434 3057 589 3122 indicavi.
619 3041 710 3122 Nihil
729 3077 806 3121 vero
824 3058 931 3142 magis
947 3059 1058 3144 cupio,
1077 3079 1173 3143 quam
1188 3067 1226 3122 ut
1240 3083 1363 3144 ornnes,

233 3169 418 3256 quicunque
439 3165 536 3230 huius
558 3165 665 3252 operis
691 3162 834 3251 aliquam
859 3173 986 3251 partem
1008 3163 1073 3229 sibi
1101 3165 1271 3232 vindicare
1293 3189 1364 3253 pos-

233 3285 324 3362 sunt,
346 3295 464 3365 operae
485 3293 563 3338 suae
587 3293 627 3336 ne
643 3271 819 3358 poeniteat.

318 3429 442 3516 Scripsi
462 3427 736 3492 Hannoverae
759 3424 791 3489 d.
813 3441 846 3486 x.
870 3421 1029 3488 Novemb.
1053 3437 1227 3490 uncccnv.

984 3695 1285 3777 zamram.
