2980 5048
230 391 278 440 XX
695 389 904 442 chartario.

230 563 339 627 mandi
377 563 461 626 inter
495 561 601 628 sontes
630 585 704 628 suos
738 573 901 646 recenset,
934 561 992 626 sed
1024 562 1106 626 nihil
1133 563 1212 628 inde
1241 563 1391 652 protulit

231 674 361 752 practer
379 681 477 728 uuam
498 689 530 728 r.
552 665 573 728 l.
596 665 638 728 ad
660 683 701 746 11,
726 667 783 748 883
805 665 901 729 aliam
925 665 1058 727 Bestius
1080 665 1122 728 ad
1146 683 1190 743 11,
1219 671 1268 730 17.

320 767 376 854 tu]
400 767 513 831 Codex
532 766 619 852 apud
638 766 851 831 Gaisfordum
872 767 915 830 ad
928 787 1028 829 unum
1048 765 1269 852 Euphorionis
1290 768 1389 851 frag-

231 879 374 933 mentum
398 871 431 932 in
454 868 576 932 scholio
597 868 640 932 ad
663 867 712 932 ld.
736 886 774 949 x,
798 871 848 932 28.
870 868 1047 933 adhibitus.

291 970 374 1056 .!!.]
398 971 534 1035 Glossas
554 970 653 1035 habet
676 969 853 1034 secundum
876 969 1084 1051 Wartonum,
1107 970 1196 1034 unde
1217 973 1386 1058 paucissi-

229 1097 301 1138 mae
320 1073 479 1160 quaedam
502 1095 522 1135 a
540 1071 693 1157 Zieglero
713 1072 908 1158 exscriptae.

316 1173 373 1262 tt]
396 1173 449 1237 Ex
472 1171 643 1261 hypothesi
663 1173 713 1236 Id.
738 1189 800 1235 x11.
827 1171 998 1256 Zieglerus
1019 1173 1176 1240 lectiones
1200 1174 1383 1238 nonnullas

229 1277 508 1354 commemorarit,
532 1297 596 1360 quo
618 1283 700 1338 teste
721 1275 755 1338 in
776 1273 841 1338 line
864 1274 940 1338 lihri
959 1274 1090 1360 legitur.

317 1383 375 1458 tt]
407 1378 550 1440 Auctore
573 1376 778 1439 Bethmanno
799 1377 903 1461 prima
924 1377 988 1440 duo
1012 1376 1129 1462 idyllia
1149 1393 1172 1440 1.
1196 1387 1230 1442 et
1250 1394 1282 1442 v.
1304 1378 1385 1463 plu·.

133 1463 141 1478 ’
228 1481 311 1543 rima
332 1479 454 1542 hahent
475 1477 599 1542 scholia
619 1476 813 1560 marginalia
831 1486 864 1540 et
886 1477 1124 1560 interlinearia,
1145 1477 1275 1564 reliqua
1296 1501 1375 1564 pau-

228 1605 283 1644 cas
302 1578 429 1666 glossas
452 1579 693 1660 interlineares,
716 1580 828 1642 insunt
850 1580 945 1642 etiarn
962 1578 1202 1664 Prolegomeua
1219 1588 1252 1644 et
1273 1579 1372 1668 hypo-

120 1744 125 1758 ,
228 1683 348 1746 theses.
405 1680 557 1744 Ueterum
593 1680 660 1744 vid.
690 1701 789 1767 supra
821 1680 863 1745 ad
896 1681 967 1744 cod.
999 1687 1029 1746 4.
1085 1681 1240 1746 Glossam
1274 1703 1370 1746 unam

227 1783 366 1847 aliamrc
388 1782 484 1844 etiam
504 1803 595 1845 meae
617 1779 807 1849 collationes
828 1782 1087 1869 suppeditarunt.

312 1885 485 1948 Praeterea
507 1905 525 1946 e
546 1881 639 1948 libris
656 1883 812 1946 Romanis
838 1895 882 1945 20.
906 1883 1029 1947 scholia
1050 1893 1082 1946 et
1104 1883 1236 1968 glossas
1258 1884 1299 1948 ad
1321 1884 1369 1948 ld.

227 2003 344 2049 1—x1.
375 1984 489 2066 habet,
519 1996 566 2048 26.
595 1985 697 2048 multa
719 1983 844 2048 scholia
865 1985 1058 2068 marginalia
1080 1993 1113 2047 ot
1136 1985 1369 2066 interlinearis,

226 2093 324 2153 Putat.
351 2098 415 2150 142.
439 2085 563 2151 scholia
585 2085 627 2150 ad
648 2085 699 2150 Id.
723 2102 863 2150 1-v111.
883 2087 954 2150 sine
976 2094 1078 2150 textu.
1110 2127 1114 2135 ·

428 2274 500 2328 atii
524 2273 656 2326 italici.

309 2395 367 2476 at]
409 2391 488 2470 Hoc,
509 2392 549 2455 ad
572 2367 724 2476 Prolegg.
754 2401 786 2454 et
813 2389 958 2476 Hypoth.
988 2389 1037 2453 ld.
1062 2407 1084 2454 1.
1110 2407 1214 2454 xxm.
1241 2391 1368 2478 (xxm.)
1486 2463 1487 2468 ἵ

224 2495 420 2562 Gaisfordua
438 2515 518 2556 usus
542 2501 604 2574 est,
627 2491 714 2555 haud
736 2491 835 2556 dubie
858 2492 1035 2556 secundum
1056 2492 1267 2557 collationem
1288 2491 1368 2556 Dor-

223 2599 414 2780 thaddllll]
428 2695 663 2783 Neapolitanus
676 2696 708 2758 in
723 2693 804 2758 bibl.
820 2693 1046 2758 Borbonicalt.
1061 2693 1087 2757 l.
1100 2700 1131 2760 9.
1143 2717 1166 2757 a
1179 2696 1222 2760 (t.
1235 2694 1368 2759 Wolflio

223 2805 406 2887 inspectus,
430 2800 485 2886 qui
500 2795 736 2881 Prolegomena
755 2805 789 2886 et
812 2796 1076 2882 hypoth.ld.1v.
1095 2817 1168 2859 cum
1185 2797 1240 2861 ed.
1259 2797 1366 2860 Oxon.
1485 2849 1486 2878 3

225 2907 306 2966 tutu
325 2899 463 2964 contulit
484 2911 516 2962 et
537 2898 697 2985 quaedam
719 2919 761 2960 ex
784 2897 915 2961 scholiis
942 2897 984 2960 ad
1005 2897 1055 2960 ld.
1080 2914 1126 2960 tv.
1148 2915 1182 2962 v.
1207 2913 1269 2960 vn.
1293 2919 1368 2964 cuo·

220 3005 313 3065 tavit.
359 3001 437 3066 Post
452 2999 701 3084 Prolegomcna,
724 2999 780 3063 ubi
803 3008 948 3062 extremo
970 2998 1041 3063 loco
1056 3009 1153 3064 notae
1169 2999 1210 3062 de
1227 2999 1368 3064 dialecto
1402 3001 1411 3016 '

221 3103 389 3187 leguntur,
410 3102 557 3186 sequitur
572 3099 750 3187 epigraphe
762 3099 881 3182 Κυροῦ
896 3091 1063 3183 Μανουῆλ
1081 3099 1143 3162 τοῦ
1155 3095 1367 3182 Μοσχοπού-

221 3209 295 3268 λου.
341 3201 472 3267 Scholia
494 3223 593 3288 supra
613 3212 644 3266 et
667 3202 753 3266 inira
774 3211 900 3265 textum
923 3211 955 3264 ct
975 3201 1016 3264 ad
1035 3202 1216 3286 marginem
1238 3203 1272 3264 in
1288 3201 1366 3265 dua·
1484 3223 1485 3271 ς

220 3307 282 3372 bus
304 3305 476 3386 columnis,
500 3325 637 3391 quarum
651 3304 806 3367 exteriori
822 3305 916 3390 eique
938 3303 1056 3368 minori
1077 3304 1209 3387 saepius
1225 3301 1364 3366 Maximi

220 3408 377 3472 Planudis
400 3405 518 3491 siglum
541 3405 706 3488 additum3
735 3406 811 3468 item
835 3405 876 3468 ad
900 3406 1029 3468 initium
1054 3402 1161 3490 idyllii
1183 3421 1217 3468 x.
1243 3401 1365 3468 utlscri·

220 3519 309 3597 ptum
331 3506 491 3590 διηγητοῦ
512 3507 682 3589 Μαξίμου.
728 3507 850 3571 Contra
872 3505 1029 3570 scholium
1051 3505 1148 3586 adv,
1172 3505 1220 3568 t5.
1250 3505 1363 3570 Manu·
1483 3561 1484 3572 .

219 3611 279 3672 elis
307 3608 512 3696 Moschopuli
539 3608 624 3694 siglo
651 3610 685 3672 in
708 3610 856 3694 margine
884 3608 1077 3704 instructum
1102 3617 1161 3670 cst.
1208 3609 1361 3672 Ceterum

214 3709 341 3773 scholia
363 3717 446 3772 teste
468 3709 603 3774 Wolsfio
627 3711 696 3774 ferc
718 3710 893 3774 concinunt
915 3731 988 3774 cum
1009 3711 1049 3772 iis
1072 3730 1156 3795 quac
1179 3709 1213 3773 in
1237 3709 1290 3774 ed.
1307 3709 1361 3774 Sa·

219 3809 424 3875 lamandrina
446 3811 615 3896 leguntur,
638 3811 669 3875 h.
693 3835 721 3876 c.
745 3834 817 3876 cum
843 3811 1085 3895 Callicrgianio.

304 3910 434 3976 Scholia
459 3916 556 3977 ctiam
578 3914 612 3976 in
629 3912 843 4000 Neapolitano
865 3917 900 3978 Γ.
921 3922 1049 3994 extant,
1071 3921 1104 3976 ct
1122 3913 1309 3998 largissima
1327 3914 1360 3975 in

217 4013 396 4078 Mutinensi
441 4019 503 4080 Est.
532 4037 579 4077 m.
607 4027 653 4078 31.
699 4014 737 4077 In
763 4015 877 4078 cadem
900 4013 1098 4078 bibliotheca
1122 4014 1255 4078 Estensi
1279 4023 1361 4078 teste

216 4117 421 4181 Bethmanno
443 4116 549 4182 codex
566 4117 713 4181 Graccus
732 4140 781 4180 nr.
807 4119 858 4178 87.
886 4115 939 4179 vel
963 4131 1014 4178 111.
1039 4113 1076 4178 O.
1102 4119 1132 4179 8.
1164 4115 1265 4180 sccul.
1287 4131 1358 4178 xrv.

217 4219 319 4284 chart.
342 4223 371 4281 4.
394 4227 467 4302 post
490 4217 640 4282 Triclinii
665 4217 788 4280 scholia
805 4219 838 4281 in
855 4215 1047 4301 Sophoclem
1070 4215 1169 4280 habet
1190 4217 1358 4303 Anonymi

217 4318 341 4384 scholia
367 4319 400 4381 in
423 4315 645 4399 Theocritum,
674 4317 860 4400 Platonem,
883 4317 1072 4382 Pindarum.
1116 4317 1296 4382 Perusinus
1316 4323 1356 4382 Φ.

216 4419 452 4504 Prolegomena
471 4428 504 4483 et
524 4418 719 4504 hypotheses
741 4427 840 4482 tenet.
