3008 5070
564 426 778 475 honorario.
1184 413 1246 477 463

100 587 160 646 τοῖν
180 579 301 664 ἄστρων
323 584 474 656 ποικιλίας
497 583 676 664 περιῆφθαι.
705 556 782 645 Μίλιί
803 583 858 663 γῆς
876 586 1014 682 spurium
1031 605 1098 645 esse
1115 583 1247 661 videtur,

100 670 251 746 φαντασία
266 680 373 730 auteur
391 669 499 730 eodem
519 689 610 730 sensu
626 670 754 745 dictum,
777 691 837 750 quc
852 661 885 728 τὸ
884 661 1083 776 φαινόμενον
1097 670 1208 767 Polyb
1220 679 1247 745 9,

104 769 149 830 15,
169 757 275 816 coeli
298 755 454 816 stellati
479 756 756 834 spectaculum.
788 753 900 815 Ριο”
868 750 1247 835 εινεκαιιιιρίοοτείιιόνα,

102 843 142 902 cl.
158 841 251 902 Serv.
269 840 317 899 ad
335 839 565 900 stellarum
557 842 773 919 imaginst
790 841 875 900 nolui
892 843 1159 919 autemrecipere3
1174 841 1248 918 quia

102 937 133 987 et
145 927 285 986 Isidorus
303 925 441 985 hocloco
458 945 550 1006 prop
560 937 620 985 ter
637 935 669 986 et
684 927 811 986 Servius
827 925 989 1004 aliquoties
1006 927 1037 986 in
1052 926 1189 1005 reliquis.

71 1023 81 1034 ‘
163 1013 290 1071 -lin.
312 1021 338 1074 3.
372 1011 487 1070 Vocem
501 1011 598 1090 μερῶν
617 1011 802 1071 Duobnerus
819 1009 978 1070 adnotavit
994 1012 1067 1070 satis
1085 1012 1248 1090 improprie

102 1097 142 1157 de
164 1097 315 1170 collibus,
337 1094 440 1167 silvis,
461 1092 628 1173 uliginibus
655 1095 727 1156 dici.
760 1095 947 1195 Comparatio
969 1115 1042 1155 vero
1065 1115 1144 1174 quae
1165 1094 1247 1174 apud

100 1181 350 1264 Mythographos
371 1189 403 1238 et
426 1181 567 1240 Servium
586 1180 643 1238 hoc
660 1179 767 1240 eodem
787 1171 856 1238 loco
873 1181 954 1239 inter
970 1181 1052 1239 locos
1067 1181 1106 1240 de
1120 1179 1248 1240 nebride

102 1279 134 1326 rt
147 1267 254 1326 fistula
269 1267 428 1364 leguntur,
448 1265 530 1345 apud
548 1264 799 1346 Philargyrium
791 1284 822 1322 m
844 1265 920 1338 fine,
943 1273 1071 1345 apparet
1088 1265 1187 1325 locum
1210 1265 1248 1368 de

102 1351 236 1456 pedibus
249 1349 384 1446 caprinis
397 1349 515 1411 deesse.
536 1349 637 1446 Quum
653 1369 726 1408 vero
743 1348 823 1446 apud
836 1348 1002 1410 Cornutum
1017 1349 1187 1410 habeantur
1198 1345 1248 1407 καὶ

102 1459 139 1494 τα
156 1432 212 1513 μὲν
230 1427 314 1494 ιιοὶτιο
334 1425 421 1493 λάσια
439 1431 490 1493 καλ
513 1427 649 1514 cpuycser
675 1423 725 1492 ιλια
747 1425 802 1510 τὴν
819 1432 871 1510 τῆς
895 1435 950 1512 γῆς
969 1428 1135 1513 τραχύτητα
1163 1435 1205 1514 (v.
1229 1435 1249 1496 l.

103 1514 284 1598 δασύτητα),
299 1519 424 1580 adscitis
439 1522 530 1580 etiam
548 1539 629 1600 quae
647 1519 749 1578 infra'
741 1529 820 1578 mter
835 1522 939 1598 spuria
953 1529 1074 1596 extant,
1090 1521 1164 1579 satis
1179 1539 1248 1598 pro-

103 1606 210 1665 babile
227 1614 277 1665 est
291 1604 390 1680 μερῶν
408 1617 580 1685 corruptum
598 1624 666 1666 esse
686 1625 724 1664 ex
739 1603 870 1680 στερρῶν
891 1603 1152 1702 (soliditatem
1172 1614 1248 1664 ter·

104 1711 176 1750 rae
201 1691 371 1788 Mythogrr.
393 1689 481 1749 Serv.
501 1691 598 1770 Phil.)
617 1699 648 1751 et
669 1699 741 1749 ante
761 1686 849 1748 λάσια
868 1689 1021 1750 excidisse
1039 1681 1179 1767 τραγώόη
1199 1685 1250 1747 καί

105 1776 158 1836 vel
172 1795 284 1853 τραμεα
299 1774 359 1834 ιιαί.

171 1894 215 1903 -
237 1861 302 1920 lin.
327 1869 353 1921 4.
388 1860 566 1918 Latinorum
586 1860 853 1938 interpretationes
873 1857 995 1918 fistulae
1012 1867 1162 1938 „propter
1181 1858 1250 1916 har·

106 1947 239 2005 moniam
260 1944 339 2005 coeli
360 1953 391 2018 et
410 1955 527 2022 septem
543 1943 683 2021 planetas
703 1943 835 2004 stellas“
857 1943 896 2003 ad
916 1943 997 2002 idem
1017 1943 1163 2016 redeunt,
1180 1943 1251 2022 quia

107 2030 319 2130 Pythagorica
335 2029 492 2088 hannonia
514 2029 593 2087 coeli
616 2031 645 2088 in
661 2029 795 2128 planetis
814 2031 914 2107 posita
935 2038 991 2088 est.
1023 2028 1164 2087 Eandem
1183 2047 1250 2086 sen·

107 2116 238 2175 tentiam
258 2114 441 2174 scholiastae
457 2113 659 2185 restituimus,
676 2114 762 2191 cujus
778 2113 873 2173 verba
889 2123 1030 2192 corrupta
1045 2133 1114 2173 esse
1129 2121 1252 2191 praeter

109 2203 229 2302 ipsam
228 2200 372 2260 lectionis
391 2201 570 2258 varietatem
592 2198 663 2257 inde
685 2197 851 2276 colligitur,
873 2197 953 2278 quod
970 2219 1076 2294 parum
1093 2197 1251 2294 probabile

110 2295 159 2344 est
173 2275 301 2360 ἀνέμους
318 2283 369 2344 vel
383 2278 538 2360 πνεύματα
555 2283 615 2342 elio
633 2283 712 2342 trahi
731 2303 766 2342 ae
781 2281 952 2360 καταιγίδας
970 2272 1075 2340 καλ
1042 2303 1095 2354 τας
1112 2279 1179 2358 περί
1200 2273 1252 2340 τὸν

108 2358 183 2448 αέρα
204 2362 378 2466 μεταβολάς.
413 2368 464 2428 Ad
489 2387 527 2428 en
548 2387 647 2462 quae
648 2367 786 2426 dedimus
809 2369 948 2447 apposite
968 2368 1152 2428 Plutarchus
1175 2369 1251 2429 Mor.

112 2476 140 2533 p
155 2463 219 2518 745.
234 2455 271 2514 Β.
288 2474 324 2512 τα
345 2449 523 2529 πλανώμενα
536 2451 591 2510 τοῦ
610 2446 723 2553 τόσμορ
744 2449 828 2532 μέρη.
863 2452 992 2514 Videtur
1013 2463 1114 2512 autem
1135 2453 1254 2509 πλανω

111 2537 209 2616 μίνοιν
232 2540 312 2599 vel
304 2560 335 2598 ιιι
354 2533 545 2638 πνευμάτων
551 2537 633 2597 vel'
626 2558 656 2596 ιιι
677 2558 798 2596 παντων
821 2531 939 2615 ἀνέμων
960 2537 1036 2596 αλι“
1016 2559 1053 2597 ns
1081 2545 1254 2616 corruptum

114 2645 196 2698 esse,
214 2625 267 2704 qui
282 2625 465 2685 sententiam
476 2624 561 2682 vocis
575 2642 681 2724 parum
698 2623 920 2701 intelligerent,
933 2622 1026 2703 idque
1036 2624 1112 2682 satis
1125 2631 1253 2682 mature.

113 2709 194 2770 Nam
216 2711 308 2768 etiam
325 2709 431 2768 infra'
423 2729 454 2768 ιιι
476 2710 587 2788 spuriis
608 2698 628 2784 ἡ
646 2707 750 2786 σῦριγξ
772 2707 880 2768 dicitur
901 2709 1084 2784 σημαίνουσα
1097 2695 1167 2779 τοιλς
1186 2695 1254 2766 ανέ-

113 2813 187 2872 μονς
202 2803 233 2854 et
245 2793 326 2872 apud
338 2795 564 2874 Philargyrium
578 2803 700 2871 praeter
715 2793 785 2866 illa,
802 2802 966 2873 quaesunt
981 2793 1019 2853 de
1034 2793 1150 2868 fistula,
1164 2794 1256 2852 etiam

114 2897 195 2958 ,per
210 2897 339 2938 cannam
354 2881 488 2937 ventos
490 2887 665 2974 postremo
680 2879 762 2957 apud
778 2877 958 2939 Cornutum·
974 2840 1163 2957 συριντὴνιλλ
1150 2869 1255 2936 λείναι

114 2961 190 3040 τάχα
207 2959 262 3040 μὲν
277 2952 372 3020 ιλια
341 2983 375 3021 το
390 2952 449 3020 ὖπο
438 2951 615 3020 παντοίων
630 2953 748 3039 ανέμων
765 2963 967 3026 διαπνεῖσθαι.

179 3081 221 3092 -
239 3049 308 3107 lin.
331 3059 357 3108 4.
374 3059 400 3110 5.
436 3045 658 3106 Hemsterhusii
679 3049 882 3124 conjecturam
902 3041 1049 3127 αι’μόποον
1071 3067 1124 3129 pro
1142 3046 1255 3107 tradito

114 3123 250 3212 αλγωπὸν
264 3131 347 3192 λιιιιιιλ
365 3132 455 3192 ιλιιλιὶο
479 3151 582 3190 verum
600 3129 753 3227 judicavit
771 3135 998 3207 Duebnerus,'
989 3154 1020 3192 m
1041 3134 1188 3212 proximis
1213 3131 1257 3190 le-

115 3221 247 3279 ctionem
261 3215 473 3318 μινομὲνας-
430 3203 649 3293 -μεταβολας
667 3215 809 3295 probans.
838 3220 881 3278 At
893 3220 1031 3298 caprinos
1046 3216 1143 3296 pedes
1154 3214 1258 3274 Latini

116 3305 209 3382 longe
225 3304 317 3362 aliter
332 3303 586 3382 interpretantur,
611 3320 711 3379 neque
727 3301 892 3363 scholiasta
908 3323 974 3361 cum
993 3303 1040 3360 his
1057 3299 1214 3368 dissentit,
1232 3298 1258 3354 si

115 3408 208 3469 supra
232 3396 317 3448 recte
334 3387 551 3464 judicavimus.
584 3385 715 3444 Accedit
737 3387 819 3464 quod
839 3384 984 3462 αίφνίιλιοι
1005 3379 1128 3478 ταραχαί
1149 3380 1259 3438 Panici

116 3473 242 3534 terroris
266 3472 403 3533 solennis
426 3471 593 3570 appellatio
613 3479 674 3544 est,
700 3479 734 3528 ut
750 3468 876 3530 Cernat.
895 3471 917 3529 l
932 3471 951 3528 l.
970 3467 1013 3527 ἔτι
1030 3465 1062 3526 δὲ
1081 3455 1115 3522 τὸ
1130 3451 1258 3523 πανικὸν

117 3555 258 3636 λέγεσθαι
272 3546 399 3652 ταραχὰς
414 3577 466 3626 τας
481 3552 600 3653 αίφνιιλί
599 3575 667 3626 ους,
690 3555 845 3614 Plutarch.
860 3556 938 3613 Mor.
955 3573 985 3631 p.
1006 3560 1067 3614 556
1085 3548 1121 3611 O.
1137 3537 1190 3618 τὰς
1204 3567 1260 3644 μεν

116 3640 343 3716 αἰφνιδίως
303 3662 362 3699 των
373 3631 475 3718 ὅχλιον
479 3630 608 3718 ταραχὰς
619 3636 670 3697 καλ
685 3631 822 3714 πτοήσεις
837 3635 934 3697 ἔτι
894 3657 952 3696 ναν
969 3629 1018 3694 ιλια
1028 3633 1116 3693 τοῦτο
1130 3653 1261 3704 πανιιιας

116 3717 403 3826 προσαγορεύεσθαι,
425 3725 559 3786 Sctht.
573 3727 647 3785 Eur.
666 3724 725 3784 Rh.
742 3733 776 3788 36
790 3720 857 3800 περὶ
877 3718 908 3782 δὲ
925 3721 984 3781 τῶν
1000 3709 1107 3797 αφνιιλί
1106 3741 1148 3778 ων
1162 3710 1260 3795 φόβον

116 3802 251 3889 ταραχὴν
265 3799 392 3888 ανὴψαν
409 3811 494 3870 Πανί
506 3812 562 3889 (ita
577 3809 645 3869 cod.
662 3807 826 3888 corrupte).
850 3810 959 3891 Itaque
974 3807 1074 3868 locum
1090 3807 1134 3866 ita
1150 3804 1260 3865 consti·

117 3900 245 3972 tuimus,
260 3907 295 3956 nt
309 3917 347 3957 ea
362 3898 475 3956 locutio
491 3915 576 3956 sumn
592 3895 653 3954 vim
670 3903 816 3954 tueretur.

187 4015 228 4026 -
254 3982 321 4041 lin.
347 3991 364 4046 6
390 4001 497 4063 seqq
527 3979 631 4040 Verba
654 3999 672 4038 a
699 3977 865 4039 Duebnero
889 3987 974 4040 recte
1001 3976 1146 4038 damnata
1171 3976 1263 4035 aliam

120 4085 250 4148 eamque
276 4069 478 4126 recentiorem
501 4065 710 4126 redactionem
740 4062 879 4141 ejusdem
904 4064 1070 4141 allegoriae
1095 4063 1261 4121 continent.

121 4150 278 4234 Xylandri
307 4151 549 4211 emendationem
575 4146 624 4208 καὶ
650 4143 687 4208 τὰ
708 4143 788 4208 ια’τω
811 4145 930 4223 τραχέα,
953 4146 1122 4206 accedente
1147 4144 1263 4204 codicis

122 4235 193 4296 Bar.
215 4237 413 4311 auctoritate,
432 4235 617 4295 Duebnerus
640 4233 792 4334 probavit..
823 4232 956 4292 Nostrae
972 4229 1178 4290 emendationi
1193 4220 1262 4301 τρα-

121 4340 175 4399 για
197 4321 373 4381 accentus
364 4341 395 4379 ιιι
412 4321 483 4378 Bar.
508 4320 608 4397 favetJ
626 4329 759 4380 attamen
779 4319 844 4396 jam
866 4315 957 4378 video
983 4310 1157 4412 τραρὲα
1114 4329 1263 4371 οοιιιιιιοιι·

125 4405 191 4464 dari
219 4405 358 4464 Platonis
381 4405 483 4465 verbis
512 4404 628 4502 Oratyl.
654 4425 685 4486 p
710 4413 772 4468 408.
795 4405 835 4462 D.
868 4401 937 4460 Πᾶν
959 4421 1049 4457 -τα
1069 4393 1124 4474 μὲν
1144 4387 1266 4454 ἄνωθεν

87 4491 218 4564 λεῖος,
240 4511 277 4548 τα
267 4479 323 4549 ὄλ
339 4483 475 4548 καταιθεν
490 4510 598 4566 τραχιις
585 4428 666 4548 γιιαλ
681 4481 863 4569 τραγοειδής.
890 4485 969 4546 lalx
991 4485 1070 4544 Pani
1086 4481 1167 4542 male
1183 4481 1265 4538 attri-

125 4575 199 4634 buta
207 4595 310 4654 ,quae
324 4575 425 4656 potius
442 4573 481 4634 ad
498 4573 643 4656 Priapum
660 4577 803 4656 pertinet.
