2980 5048
28 4314 32 4413 l

571 391 781 446 Pusarnrto.
1096 404 1098 410 '
1198 391 1244 442 XV

118 545 226 628 sdsola
247 561 368 650 idyllia
390 583 417 631 1.
438 584 594 634 ιιι-κν.
632 567 742 632 Minus
761 573 912 632 accurate
928 563 1125 646 Bandinius,
1144 585 1243 652 quum

120 663 156 728 ld.
170 679 235 727 xvr.
250 666 380 733 codicis
399 669 552 736 ultimum
567 691 699 759 prorsus
715 691 780 734 non
795 676 1093 750 commemorasset,
1115 666 1179 731 duo
1197 665 1244 730 ul·

117 767 175 829 tina
190 764 234 851 (h.
249 789 279 832 e.
295 768 447 838 Theocr.
466 790 502 838 11.
521 773 587 838 loc.
605 774 644 859 1.)
664 770 796 836 scholiis
815 791 925 836 carere
944 768 1045 850 dixit,
1066 765 1187 833 scholio
1202 768 1244 832 ad

112 875 237 932 extrema
253 869 370 956 idyllii
389 891 465 940 xlv.
483 885 636 962 tanquam
653 871 766 937 ultimo
787 871 908 937 codicis
927 870 1108 958 exscripto,
1133 867 1174 932 de
1192 867 1243 933 Id.

108 985 178 1034 rvu.
194 979 292 1036 etxx.
309 971 444 1064 [xxt1.],
457 999 539 1064 quae
552 979 586 1042 in
600 977 689 1040 foliis
706 973 860 1060 praefixis
877 973 1167 1059 leguntur,tacens.
1190 971 1244 1034 Ex

106 1069 340 1156 Prolegomenis
349 1127 358 1158 ,
373 1080 405 1140 si
425 1079 606 1144 Bandinius
622 1085 773 1141 accurate
790 1073 914 1158 retulit,
932 1074 1035 1139 codex
1052 1071 1133 1138 nihil
1146 1073 1245 1138 habet

105 1173 158 1236 nisi
169 1190 213 1238 rr.
227 1185 260 1240 et
272 1193 352 1242 vr11.
365 1201 375 1262 ς
388 1201 467 1244 nam
479 1198 511 1246 v.
525 1181 588 1245 alio
605 1180 675 1245 loeo
683 1228 692 1260 ,
707 1186 781 1265 post
792 1176 842 1241 Id.
856 1193 943 1256 x1v.,
959 1175 1090 1261 legitur.
1118 1175 1171 1240 Ex
1183 1175 1244 1239 hoo

105 1295 172 1338 vero
190 1275 305 1342 codice
324 1283 472 1366 petitum
495 1292 544 1348 est
566 1280 760 1347 scholiorum
782 1277 857 1346 libri
877 1277 1015 1365 alicujus
1030 1277 1242 1342 Laurentiani

103 1376 316 1463 apographum
336 1381 570 1449 Salvinianum
587 1385 672 1449 inter
687 1379 998 1446 Sanctamandianas
1013 1381 1140 1467 copiae,
1155 1379 1242 1466 quod

105 1473 270 1544 ll'artonus
291 1505 326 1567 p.
359 1501 411 1548 vr.
441 1485 642 1553 dubitantius
665 1483 708 1548 ad
733 1482 876 1548 codicem
905 1479 1060 1545 Politioni
1081 1481 1180 1545 Laur.
1201 1483 1242 1545 46

107 1577 150 1660 (tl
175 1579 303 1665 retulit,
336 1589 422 1672 quia
451 1587 632 1652 Politianus
655 1585 816 1673 quaedam
842 1586 876 1648 in
897 1584 1044 1668 margine
1066 1581 1242 1666 allevisset,

110 1677 312 1748 confidentius
332 1697 449 1753 autem
470 1698 624 1776 tanquam
647 1711 681 1751 re
704 1686 873 1774 explorata
887 1682 961 1749 Vol.
983 1701 1006 1747 1.
1025 1705 1056 1770 p.
1077 1685 1136 1748 199
1153 1705 1242 1770 seqq.

110 1779 145 1842 eit
170 1782 294 1848 scholia
317 1789 449 1854 codicis
476 1797 500 1854 t.
529 1792 615 1854 inter
639 1790 749 1877 copias
773 1785 1084 1853 Sanctamandianas
1111 1787 1147 1848 in·
1170 1783 1243 1860 aliis

109 1880 221 1947 schedis
244 1891 424 1978 exscripta
440 1901 567 1974 extant,
590 1911 694 1979 neque
716 1911 800 1978 quae
822 1888 863 1953 de
884 1889 926 1952 iis
948 1887 1148 1967 referuntur,
1164 1885 1243 1949 ulla·

78 1991 188 2076 ,tenus
214 1987 249 2051 in
280 1991 416 2056 scholia
432 1993 624 2081 ‘apographi
647 1993 735 2060 illius
763 1989 947 2056 Salviniani
968 1987 1145 2075 quadrant,
1174 1987 1242 2052 vid.

110 2083 183 2148 inira
210 2087 252 2152 de
283 2099 309 2155 t.
360 2093 538 2158 Praeterea
564 2116 679 2160 versus
708 2086 819 2175 ὥσπερ
847 2088 978 2174 σκύφος
1000 2091 1069 2154 κτλ.
1101 2088 1243 2176 (Proleg.

112 2187 178 2268 Ν),
202 2211 288 2276 quae
317 2195 445 2282 Apogr.
475 2195 563 2262 Salv.
580 2205 668 2260 teste
694 2193 852 2261 Wartono
876 2195 910 2257 in
932 2191 1025 2257 initio
1049 2189 1263 2256 scholiorum·

111 2285 145 2350 tl
164 2286 209 2354 ld·
226 2293 396 2381 thabat,
420 2298 454 2362 in
474 2298 571 2363 Laur.
595 2301 635 2362 46
663 2305 794 2362 auctore
817 2295 979 2360 Bandinio
1002 2295 1109 2381 potius
1139 2303 1243 2358 extre·

112 2408 185 2452 mum
214 2391 327 2461 locum
352 2409 466 2464 tenent
487 2409 561 2488 post
582 2400 757 2487 Syringem
781 2408 813 2463 et
834 2399 945 2480 Aram.
991 2395 1112 2461 Contra
1133 2416 1153 2459 a
1175 2394 1243 2460 Sal-

113 2489 187 2556 sinio
212 2499 326 2582 potius
361 2500 506 2566 codicem
531 2526 562 2590 p.
592 2503 792 2589 exscriptum
815 2523 890 2582 esse
910 2503 963 2565 vel
984 2497 1060 2564 inde
1086 2496 1243 2563 credibile

111 2601 167 2674 est,
187 2599 274 2682 qnod
299 2602 357 2666 hic
378 2601 673 2670 Laurentianorom
697 2603 943 2689 antiquissimus
967 2609 999 2666 et
1021 2601 1160 2688 optimus
1183 2609 1245 2684 est,

112 2695 193 2778 cnjus
213 2700 344 2768 scholia
368 2705 396 2768 si
419 2705 678 2782 Sanctamandus
704 2705 918 2790 neglexisset,
939 2702 1035 2768 valde
1055 2703 1173 2766 miram
1196 2701 1241 2767 fo·

112 2802 161 2857 ret.
191 2797 324 2871 Deinde
352 2807 387 2870 in
405 2807 529 2895 Apogr.
553 2807 641 2873 Salv.
658 2807 782 2872 scholia
796 2815 909 2870 extant
922 2805 964 2870 ad
979 2805 1029 2868 Id.
1050 2821 1072 2868 1.
1088 2819 1241 2886 rrr—exv,

115 2891 221 2965 desinit
247 2917 361 2972 autern
388 2917 471 2973 testo
494 2909 652 2974 Wartono
677 2909 711 2972 in
733 2908 782 2973 l‘d.
806 2910 936 2994 X1v.*)3
965 2907 1007 2972 ad
1038 2885 1151 2971 dadam
1174 2927 1241 2970 car·

113 2997 202 3083 nina,
234 3029 298 3072 nec
330 3008 442 3097 plura,
478 3011 583 3078 codex
609 3034 641 3099 p.
671 3011 802 3075 scholiis
827 3011 1004 3074 instructus
1032 3017 1096 3090 est,
1127 3006 1262 3094 idyllio‘

114 3111 175 3165 xlv.
197 3117 269 3191 post
294 3127 353 3176 xv.
383 3111 555 3195 collocato,
582 3135 680 3201 quum
702 3113 806 3178 codex
820 3127 843 3177 t.
862 3110 977 3199 idyllia
991 3124 1157 3173 1—xvm.
1173 3109 1242 3172 vul·

113 3204 174 3280 geri
193 3210 309 3276 ordine
330 3221 451 3277 toneat.
496 3213 578 3279 Tum
601 3219 636 3279 in
657 3237 688 3302 p.
711 3217 912 3302 epigramma
936 3209 1017 3276 illud
1043 3209 1172 3293 Proleg.
1195 3226 1241 3273 Ν.

71 3357 75 3366 .
117 3307 187 3370 leste
204 3309 371 3379 Bandinio
396 3317 500 3402 primo
525 3316 640 3403 idyllio
662 3319 878 3405 praemissam
899 3313 993 3400 utin
1012 3312 1136 3398 Apogr.
1152 3309 1242 3374 Salv.

115 3401 197 3472 Adde
219 3415 306 3501 qaod
330 3417 429 3504 hujus
459 3418 582 3484 scholia
604 3419 733 3506 saepius
756 3419 921 3506 pertinent
949 3413 1169 3479 adiectiones
1192 3433 1242 3478 co·

118 3502 172 3572 dici
185 3535 214 3598 p.
228 3519 378 3606 proprias
401 3527 434 3584 et
454 3543 474 3584 a
495 3529 516 3584 t.
542 3520 682 3598 alienas,
704 3529 808 3603 ut1v,
831 3521 879 3584 19.
899 3509 1120 3601 βαθύσχινον.
1149 3516 1242 3582 Adeo

117 3606 150 3670 ad
177 3627 321 3684 extrema
343 3619 450 3708 idyllii
476 3637 547 3686 xlv.
579 3621 667 3687 idom
693 3622 866 3704 scholium,
888 3618 974 3708 quod
997 3618 1185 3686 Wartonus.
1204 3639 1243 3684 ex

118 3707 223 3800 Apogr.
249 3720 358 3804 Sala,
386 3723 567 3788 Bandinius
596 3745 638 3788 ex
663 3723 761 3789 haur.
785 3727 915 3810 dlzp.
936 3721 1080 3810 protulit.
1125 3721 1242 3810 Itaque

118 3831 171 3878 non
193 3820 341 3890 dubitavi
369 3825 409 3888 iis
432 3845 515 3912 quae
546 3847 588 3890 ex
610 3824 666 3891 illo
689 3825 876 3914 apographo
899 3825 1001 3913 petita
1023 3833 1098 3890 sunt
1123 3825 1241 3911 siglam

119 3933 144 3990 p.
165 3929 335 4010 apponere.¹
376 3926 527 3991 Ueterum
549 3931 608 3995 hoc
631 3927 855 4016 apographum
877 3936 959 3992 teste
977 3927 1134 3994 Wartono
1150 3926 1242 3992 scho-

121 4011 156 4080 lia
165 4019 313 4093 breviora
329 4026 426 4094 habet
441 4029 553 4112 editis,
573 4030 728 4096 mendose
748 4053 844 4117 saepe
861 4039 1013 4112 exarata,
1028 4051 1124 4116 saepe
1144 4030 1241 4093 etiarn

120 4119 198 4202 plura
216 4141 248 4196 et
270 4130 407 4196 meliora
425 4131 537 4216 editis,
561 4155 621 4198 nec
642 4155 707 4198 non
728 4143 919 4220 argumenta
934 4142 971 4198 ut
985 4132 1186 4216 Calliergus3
1209 4131 1242 4193 in

134 4275 355 4300 ·--..-.
789 4265 801 4298 h

176 4367 199 4436 ⁸)
226 4373 318 4424 Verba
339 4391 357 4425 s
371 4375 504 4427 Wartono
528 4375 624 4428 addita
651 4375 723 4441 „sed
747 4376 902 4428 nonhabet
921 4374 1032 4426 totnm“
1051 4387 1143 4438 parurn
1164 4367 1243 4420 intel·

31 4418 38 4487 l
120 4444 178 4522 ἱὶ80,
192 4475 274 4527 quum
291 4463 352 4528 lpse
369 4461 502 4514 scholium
517 4463 554 4514 sd
571 4463 669 4514 ultima
683 4463 771 4529 idyllii
785 4462 868 4514 verha
883 4462 946 4513 inde
964 4451 1117 4527 protulerit.
