2968 5060
252 385 327 434 nxtt
720 383 929 432 Pnnnssrro.

255 536 409 603 editionis
431 533 533 614 Brub.
556 551 593 600 11.
621 539 774 624 repetitio
799 537 960 624 (omissis,
990 555 1074 620 quae
1096 531 1192 598 titulo
1219 555 1288 597 non
1311 531 1403 596 indi·

256 642 397 728 cantur).

349 755 433 828 Viyn.
448 747 491 836 'Il
520 740 574 812 Tei
600 787 636 796 —
661 741 851 830 Γνωμικά
875 749 978 836 (utin
999 745 1137 832 Grisp).
1171 750 1307 808 Accessit
1329 748 1401 806 nuic

254 862 377 922 editioni
404 859 447 919 Is.
473 858 630 918 Hortiboni
655 857 906 917 Theocriticarum
926 859 1096 919 Lectionum
1124 857 1249 917 tihellus.
1285 840 1400 929 nupsi

254 966 294 1026 E.
326 959 556 1042 Ootyuaiuc.
588 953 751 1046 ap'm'd‘.
784 960 851 1044 (ap.
881 955 1066 1046 Vignonem
1094 959 1251 1024 Genavae
1285 957 1394 1039 1584).

255 1067 425 1132 Secundae
446 1068 548 1152 partis
572 1068 625 1132 hic
647 1064 784 1131 titulusz·
808 1066 1036 1146 Θεοκρίτου
1060 1069 1257 1142 -exposita
1281 1062 1336 1145 (nt
1360 1061 1394 1122 in

257 1175 376 1262 Orisp.,
401 1173 460 1236 sed
475 1182 549 1259 post
571 1173 802 1258 „supersunt“
828 1169 952 1235 additis
979 1193 1081 1253 „cnm
1103 1169 1233 1234 Musaei
1261 1175 1393 1254 poiima·

255 1281 343 1362 tio“)
369 1280 439 1342 sina
467 1277 666 1366 bibliopolae
688 1279 820 1342 nomine
842 1287 875 1340 et
893 1298 990 1340 anno.
1033 1277 1157 1342 Iisdem
1178 1273 1298 1338 titulus
1318 1273 1393 1337 Bio-

254 1385 307 1447 nis
330 1392 363 1448 et
383 1381 512 1448 Moschi
533 1394 638 1467 caret,
666 1383 723 1448 ubi
749 1381 966 1469 Crispinianis
995 1379 1145 1446 additum
1167 1389 1217 1445 est
1240 1387 1392 1460 „itemyue

254 1493 374 1554 Musaei
390 1495 638 1568 eteyantisrimum
654 1497 764 1570 poema
785 1495 824 1553 de
844 1493 962 1553 Herone
983 1499 1012 1552 et
1030 1491 1201 1551 macaron
1237 1487 1390 1550 Accessit

256 1597 346 1683 (oum
378 1593 649 1683 praecedentibus
678 1593 845 1660 Theocriti
874 1603 935 1658 etc.
968 1594 1159 1658 continuata
1191 1595 1389 1678 paginarum

252 1701 477 1767 numeratione
529 1701 742 1783 coniunctus)
784 1703 888 1764 Isaaci
935 1702 1103 1764 HortiBani
1138 1701 1391 1764 Theocriticarum

254 1811 424 1871 Lectionum
445 1810 576 1882 libellus,
613 1808 706 1870 cuius
726 1805 964 1894 praefationem
985 1805 1030 1869 Is.
1051 1803 1290 1868 HortusBonus
1314 1806 1390 1892 (Cn-

256 1911 436 1996 saubonus)
458 1913 652 2000 subscripsit
670 1929 717 1976 vt.
746 1913 825 1977 Idus
849 1911 993 1996 Augusti
1013 1909 1059 1973 M.
1076 1909 1117 1972 D.
1136 1910 1332 1976 LXXXIV.
1350 1951 1386 1960 -

254 2019 484 2106 Crispinianae
505 2013 655 2106 repetitio
678 2029 775 2084 aneta
802 2029 835 2084 et
864 2014 1052 2098 emendata,
1077 2014 1273 2082 Eustathius
1302 2021 1388 2084 enim

255 2125 425 2209 Vignonus
441 2123 585 2209 Crispini
608 2135 640 2190 et
661 2145 764 2210 gener
783 2133 815 2189 et
830 2143 999 2189 successor
1019 2120 1092 2187 fuit.
1125 2122 1205 2187 Post
1220 2122 1386 2190 Theocriti

254 2229 370 2316 Epigr.
394 2229 507 2295 addita
536 2239 612 2294 sunt
638 2233 815 2313 „earmina
834 2229 994 2318 quaedam
1016 2229 1173 2293 hactenns
1200 2231 1386 2296 desiderata

255 2335 298 2400 ad
322 2335 418 2400 finem
448 2336 638 2417 Haudcnciu,
667 2346 797 2424 sumpta
824 2359 866 2401 ex
888 2336 983 2401 Notis
1006 2335 1051 2399 Is.
1073 2335 1251 2401 Hortiboni
1278 2337 1321 2402 ad
1342 2338 1385 2402 D.

254 2441 461 2526 Lairtium“,
490 2441 521 2505 h.
548 2464 577 2506 e.
605 2440 1090 2525 Theocr.xx111,26-fin*).
1136 2441 1262 2508 Bionea
1290 2455 1386 2510 aucta

254 2555 331 2610 sunt
345 2555 378 2610 et
395 2547 430 2610 in
445 2548 546 2611 alium
563 2547 709 2614 ordinans
728 2550 863 2615 redacta
877 2550 979 2615 hunc:
1002 2547 1097 2612 Bion.
1117 2565 1140 2614 1.
1160 2565 1222 2613 ΧΠ.
1244 2567 1292 2614 lx.
1311 2532 1398 2618 vini

254 2669 300 2716 vr.
324 2661 357 2716 et
378 2668 439 2716 vn.
463 2653 536 2740 (pro
554 2655 781 2736 uno.)x1.‘111.
806 2673 906 2721 xvrn.
930 2673 966 2720 1'1.
988 2673 1046 2719 xv.
1069 2671 1116 2720 1v.
1141 2673 1213 2722 xlv.
1248 2659 1318 2724 Ine.
1338 2676 1384 2724 vr.

254 2756 348 2824 Bion.
378 2773 454 2822 xm.
485 2769 668 2825 xvn.'xv1.
710 2761 765 2824 Ex
794 2761 913 2850 quibus
944 2763 1039 2828 Bion.
1070 2779 1146 2828 xrn.
1178 2785 1198 2826 a
1222 2765 1384 2852 prioribus

254 2862 438 2949 neglectum
461 2873 540 2928 erat.

346 2970 439 3058 Vulc]
466 2973 581 3034 Moschi
600 2975 767 3051 Syracosii,
791 2978 896 3040 Bionis
922 2981 1082 3058 Smyrnaei
1106 2981 1230 3057 idyllia.
1268 2981 1383 3040 XBo-

253 3088 419 3140 narratura
449 3081 591 3142 Vulcania
618 3085 734 3144 totidem
761 3090 892 3146 numeris
912 3088 1018 3148 Latine
1039 3088 1169 3147 reddita.
1204 3088 1383 3165 Anticrpine

133 3275 135 3280 Ι
253 3188 339 3264 apud
355 3187 594 3264 Christopliorum
617 3189 793 3251 Plautinum.
821 3193 918 3254 Md).
933 3193 1114 3254 LXXXIV.
1138 3200 1184 3252 ta.
1218 3187 1382 3274 (Vulcanii

254 3290 457 3357 Callimacho
471 3290 648 3355 adhaerere
672 3293 769 3376 solet,
792 3294 827 3358 in
848 3297 942 3360 ouius
959 3295 1059 3360 titulo.
1073 3294 1227 3360 Moschus
1250 3303 1283 3358 et
1301 3293 1381 3359 Bion

253 3397 570 3480 commemorantur.)
601 3436 639 3444 —
669 3397 787 3463 Insunt
808 3401 922 3465 cadem
950 3410 983 3465 et
1010 3401 1124 3466 eodem
1145 3400 1259 3467 ordine
1288 3409 1381 3487 atque

253 3501 288 3564 in
312 3500 422 3586 Steph.
445 3518 482 3564 11.
523 3499 666 3566 Additae
690 3512 765 3566 sunt
792 3504 956 3567 variorum
979 3507 1134 3570 metricae
1162 3508 1330 3572 versiones
1351 3517 1380 3570 et

254 3603 558 3671 vulcantinotulae
581 3607 750 3692 quaedam.

338 3709 478 3799 *FMoml
512 3714 660 3774 Theocriti
682 3714 796 3790 Idyliia
822 3718 949 3791 aliquot,
974 3721 1102 3794 Graece,
1129 3724 1160 3781 in
1185 3723 1289 3797 mima
1308 3739 1381 3798 quac

254 3821 297 3878 ad
315 3818 396 3878 tanc
416 3836 508 3894 usque
526 3821 603 3880 diem
620 3821 881 3894 desiderabantur,
900 3831 1075 3886 vetustorum
1095 3831 1312 3904 exemplariter
1329 3845 1380 3904 ape

252 3927 386 3984 restituta
413 3933 490 3985 sant.
528 3925 619 4000 Apud
646 3925 718 3985 Fed.
747 3925 912 3988 Moralium.
946 3923 1109 4010 (Lutetiae
1143 3929 1250 4014 1585.)
1282 3933 1312 3993 4.
1340 3967 1380 3978 -

323 4112 349 4178 *)
380 4112 468 4164 leuari
489 4107 634 4164 HortiBorii
657 4115 738 4165 Notae
768 4117 804 4166 ad
825 4119 943 4184 Dioyenie
968 4121 1069 4171 Laertii
1091 4119 1170 4172 libros
1200 4093 1245 4172 etc.
1276 4123 1379 4192 Mamili

263 4206 447 4257 Venundantur
469 4205 494 4253 in
511 4203 620 4268 officina
642 4205 834 4272 Typayraphica
850 4209 953 4262 Ioannis
969 4213 992 4262 le
1012 4213 1112 4274 t’reua,
1139 4211 1235 4262 Illustr.
1256 4212 1288 4268 D.
1305 4215 1378 4266 Bern.

263 4299 358 4364 Typny.
379 4294 419 4345 M.
433 4296 467 4348 II.
485 4295 645 4347 LXXXIII.
665 4297 702 4360 8.,
721 4298 768 4348 nbi
786 4314 849 4364 pag.
869 4300 911 4352 79.
924 4301 968 4352 80.
988 4319 1020 4351 ex
1038 4301 1131 4352 codice
1149 4303 1292 4354 Francisci
1308 4305 1378 4354 Porti

262 4387 301 4436 illi
324 4403 419 4438 versus
442 4387 556 4451 primum
580 4386 609 4435 in
631 4385 718 4438 lucem
743 4393 879 4453 protracti
904 4395 975 4442 sunt.
1011 4393 1122 4443 Librum
1148 4395 1244 4458 accepi
1263 4411 1295 4445 ex
1318 4394 1378 4444 bibl.

250 4475 443 4541 Gottingensi.
