2968 5060
197 356 247 404 XX
663 355 872 405 PRAEFATIO.

199 509 325 574 tionum
344 507 500 573 subsidiis
521 509 624 573 auxit.
669 507 735 590 Qui
763 508 844 574 haec
865 507 1001 596 protulit
1022 508 1140 593 partim
1168 509 1204 572 in
1225 506 1351 594 priore

200 613 343 679 editione
366 613 478 679 decem
501 613 689 702 idylliorum
711 617 830 703 partim
852 615 887 679 in
908 613 1027 679 altera:

285 732 319 818 a)
348 731 465 797 Varias
494 731 651 798 lectiones
679 733 802 798 codicis
825 733 969 797 Parisini
1001 731 1243 796 aRuhnkenio
1273 728 1352 794 col·

199 839 271 921 lati,
293 860 389 924 quem
412 859 485 902 esse
511 837 582 903 cod.
606 844 643 902 Ν.
669 839 847 904 lectionum
866 861 886 904 a
906 837 1016 904 Gailio
1036 837 1230 903 traditarum
1252 857 1351 900 com-

198 943 327 1031 paratio
350 945 473 1009 evincit
483 944 527 1030 *).
571 943 640 1008 Nec
662 945 813 1011 diversus
834 945 1004 1010 habendus
1029 945 1134 1011 codex
1154 945 1347 1024 Parisinus,

201 1071 264 1136 quo
287 1049 326 1113 Τ.
349 1048 618 1116 Hemstcrhusius
646 1073 726 1116 usus
754 1052 857 1116 fuisse
879 1048 1050 1138 aliquoties
1073 1050 1208 1131 dicitur,
1231 1057 1268 1111 nt
1298 1044 1348 1110 ad

200 1169 307 1235 xvm,
325 1156 355 1218 2.
380 1155 426 1236 8.;
449 1179 523 1220 cum
544 1156 606 1222 hoc
625 1160 712 1223 enim
729 1157 948 1222 Ruhnkenius
971 1155 1109 1220 eandem
1130 1153 1345 1219 collationem

201 1260 458 1324 communicasse
480 1261 619 1328 videtur.

286 1376 323 1465 b)
355 1375 474 1443 Varias
497 1379 656 1446 lectiones
680 1383 824 1469 quinque
854 1381 1003 1446 codicum
1026 1378 1250 1445 Parisinornm
1270 1377 1344 1440 An-

199 1481 437 1568 thologicorum
459 1483 502 1549 ad
524 1486 648 1552 Mosch.
672 1503 710 1551 11.
734 1497 766 1552 et
788 1487 910 1553 codicis
931 1487 1075 1552 Parisini
1092 1493 1131 1549 X.
1154 1483 1196 1548 ad
1218 1483 1288 1548 Ino.
1316 1499 1342 1545 1.

201 1611 221 1652 a
242 1588 423 1656 Villoisono
444 1603 606 1680 acceptas.

287 1709 319 1796 c)
349 1707 507 1774 Codicum
526 1699 750 1778 Palatinarum
773 1713 932 1802 quasdam
957 1711 1113 1776 lectiones
1134 1730 1154 1771 a
1174 1706 1343 1770 Salmasio

200 1815 277 1880 olim
300 1825 472 1904 excerptas
494 1827 526 1883 et
553 1817 594 1883 ab
617 1819 661 1884 Is.
684 1819 802 1885 Vossio
829 1822 862 1883 in
884 1839 986 1902 marg.
1010 1815 1162 1880 editionis
1185 1811 1342 1875 Heinsia-

201 1944 262 1986 nae
281 1924 416 2009 positas.

287 2039 324 2123 d)
353 2039 471 2104 Varias
499 2043 654 2107 lectiones
682 2043 815 2108 Stobaei
840 2041 1072 2130 Lugdunensis
1095 2038 1139 2102 ad
1166 2035 1283 2101 Bionis
1306 2044 1342 2098 et

201 2144 327 2208 Moschi
350 2144 551 2229 fragmenta,
582 2170 678 2234 quem
706 2150 777 2236 ipsc
805 2147 982 2214 contulisse
1004 2146 1152 2227 videtur3
1181 2143 1217 2206 in
1239 2143 1340 2205 Prac-

202 2248 325 2312 l'atione
346 2248 386 2311 de
408 2247 469 2313 hoc
492 2251 640 2318 subsidio
662 2265 757 2320 tacet.

287 2365 319 2452 e)
353 2365 525 2431 Lectiones
553 2370 686 2438 Arsenii
709 2375 916 2460 Mosquensis
944 2371 987 2436 ad
1008 2370 1123 2435 Bionis
1153 2377 1186 2432 et
1208 2366 1339 2432 Moschi

201 2472 387 2558 fragmenta
408 2493 428 2534 a
451 2471 573 2539 Christ.
596 2477 764 2545 Friderico
785 2480 943 2545 Matthaei
966 2477 1231 2544 communicatas.

287 2590 320 2676 5)
356 2593 512 2656 Brunctio
547 2591 607 2658 hae
638 2600 751 2685 copiae
784 2597 1019 2686 suppetebant,
1053 2594 1140 2658 unde
1174 2595 1209 2654 in
1240 2589 1337 2654 Notis

200 2715 321 2780 paucas
350 2695 506 2762 lectiones
531 2701 667 2786 protulit
694 2703 792 2791 idque
818 2701 986 2770 codicibus
1015 2722 1081 2766 non
1105 2705 1259 2762 accurate
1290 2694 1338 2759 di-

201 2801 330 2864 stinctis
341 2822 348 2864 :

286 2917 319 2998 a)
349 2915 548 2986 Oollationcs
569 2924 717 2990 codicum
738 2925 1044 2991 Vindobonensium
1067 2923 1336 2988 Theocritsornm

201 3029 234 3084 et
250 3020 395 3086 Moschoi
421 3032 486 3102 Va,
508 3026 673 3114 Blessigio
694 3030 836 3096 debitae.
881 3010 925 3092 In·
939 3029 1139 3094 bibliotheca
1154 3027 1338 3092 Bodleiano

199 3129 380 3194 secundum
396 3133 491 3198 Coxii
510 3134 703 3221 catalogum
720 3134 825 3201 codex
841 3135 935 3200 Misc.
955 3159 1004 3200 nr.
1018 3138 1090 3200 279.
1108 3144 1199 3200 tenet
1219 3135 1253 3220 a)
1272 3132 1336 3198 eol-

199 3233 339 3301 lationes
361 3239 505 3329 quinque
527 3241 677 3308 codicum
694 3241 1000 3308 Vindobonensium
1019 3241 1200 3323 Theocriti,
1221 3240 1259 3323 b)
1284 3264 1334 3305 co·

200 3340 282 3405 dicis
303 3342 450 3408 Moschei
471 3346 753 3432 Vindobonensis,
781 3351 816 3414 in
839 3350 932 3414 cuius
961 3347 1025 3411 fine
1052 3349 1169 3436 „epr
1194 3346 1336 3412 feliciter

201 3443 235 3506 d.
262 3446 314 3508 24.
342 3447 427 3512 Nov.
457 3454 549 3515 1772.
578 3451 747 3518 Vindob.“
792 3452 885 3534 Quae
917 3451 1107 3518 collationes
1137 3455 1229 3540 ipsae
1258 3452 1334 3516 illae

200 3569 272 3611 esse
294 3549 464 3635 videntur,
488 3555 606 3639 quibus
628 3557 817 3623 Brunckius
842 3581 921 3624 usus
945 3565 1005 3623 est.

284 3664 321 3750 b)
352 3666 492 3735 Collatia
514 3671 702 3757 idylliorum
725 3677 863 3742 duorum
885 3676 1050 3741 Theocriti
1074 3684 1107 3740 et
1129 3675 1332 3762 quorundam

200 3769 315 3835 Bionis
334 3781 367 3836 et
382 3773 509 3840 Moschi
524 3797 598 3841 cum
613 3779 781 3847 codicibus
792 3783 953 3848 Parisinis
965 3803 985 3846 a
995 3781 1159 3848 Larchero
1171 3782 1333 3848 instituta.

269 3991 296 4056 *)
320 3994 395 4047 Inter
418 3995 476 4048 alia
499 3997 537 4050 el.
555 4017 601 4065 ιι,
618 4003 675 4062 32,
696 4001 744 4050 ubi
762 4001 860 4052 Valclr.
885 4005 913 4054 in
933 4019 1019 4071 marg.
1037 4005 1159 4056 Parisini
1174 4005 1229 4071 legi
1246 4006 1334 4056 tradit

198 4072 300 4140 ἄλλως·
318 4074 385 4132 Ἀλλ’
405 4072 513 4151 οὕτως,
532 4087 638 4140 Gallius
656 4093 685 4140 in
702 4106 787 4156 marg.
808 4091 840 4141 Ν.
861 4085 966 4160 οὕτως,
984 4097 1082 4148 deinde
1098 4113 1184 4159 xvm,
1205 4096 1262 4158 lu,
1287 4100 1334 4148 nbi

200 4174 228 4224 in
251 4175 394 4241 utriusque
411 4179 532 4242 margine
550 4175 626 4228 lusto
645 4185 738 4232 extare
754 4183 869 4248 dicitur;
893 4202 980 4252 neque
1003 4187 1065 4237 illae
1084 4187 1216 4245 lectiones
1233 4189 1333 4252 margi·
1422 4175 1430 4190 ⁸

198 4262 275 4316 nales
297 4281 329 4316 ex
353 4263 408 4316 ullo
431 4267 487 4319 alio
507 4271 693 4324 Parisinorum
717 4279 970 4328 commemorantur.
1004 4277 1129 4343 Denique
1154 4277 1278 4329 scholion
1298 4279 1333 4329 ad

198 4356 334 4420 xv1‚ll³.,
353 4358 425 4422 quod
444 4357 618 4412 Gaisfordius
636 4379 651 4412 o
669 4363 825 4416 Ruhnkenii
841 4368 987 4431 Execrptis
1006 4369 1131 4433 protulit,
1152 4373 1223 4420 teste
1242 4369 1334 4420 Gailio

195 4445 224 4494 in
243 4445 275 4496 N.
295 4451 381 4498 extat.
