2980 5048
218 401 267 448 xii
686 394 892 444 PRAEFATIO.

216 571 283 637 luto
305 571 439 654 obtulit,
465 571 512 636 uti
535 571 646 658 potuit
667 576 701 633 et
724 567 899 634 editionem
922 565 1174 654 Cslliergienam
1196 562 1366 650 reliquas-
1481 571 1482 626 ξ

216 697 279 762 que
309 672 502 760 Xylandrea
529 670 728 758 antiquiores
761 670 921 757 inspicere
950 670 1081 755 sprevit
1125 667 1246 755 Neque
1276 665 1367 730 enim

216 777 351 842 dubium
377 783 440 858 est,
471 777 549 862 quin
572 773 686 838 horum
707 771 929 868 subqidiomm
951 793 1028 858 ope,
1057 791 1140 858 quse
1162 769 1267 834 nobis
1293 765 1366 856 plu·
1481 774 1482 818 1

215 881 332 944 riarum
353 876 563 964 profuerunt,
581 877 650 963 jam
668 875 739 968 ipse
759 872 863 940 multa
884 873 1002 938 rectius
1019 871 1231 958 judicaturus
1249 870 1366 936 suerit
1481 905 1482 941 3

280 1039 315 1132 ς.
346 1037 380 1107 2.
424 1001 493 1107 111
512 1003 740 1108 editionibus
764 1031 1119 1146 Prolegonrenorum
1143 1035 1185 1104 et
1208 1031 1299 1126 Hy·

669 1152 893 1247 pothesium.

300 1287 408 1368 Quum
431 1287 465 1349 in
487 1285 611 1351 Aldina
631 1287 738 1374 priore
762 1294 795 1350 et
817 1240 893 1350 inde
916 1283 1054 1350 lentina
1075 1305 1178 1370 parva
1198 1281 1363 1370 Prolego-
1481 1351 1482 1356 ,

212 1411 379 1454 menorum
401 1409 477 1474 pars
500 1387 588 1452 odite
606 1397 693 1452 esset
716 1388 798 1474 (vid.
821 1407 895 1474 pag.
917 1388 1012 1473 452),
1040 1387 1164 1473 primns
1187 1390 1363 1464 Cutlieryru

212 1501 243 1556 et
263 1490 321 1555 illa
341 1488 487 1578 pleniora
509 1497 541 1568 et
566 1489 764 1578 hypotheses
788 1489 832 1553 ad
852 1487 987 1553 Theocr.
1012 1503 1166 1552 1-xvii.
1190 1489 1359 1573 inpriore

212 1594 319 1678 operis
342 1593 392 1657 sui
414 1600 507 1679 parte
530 1591 716 1678 evulgavit,
737 1591 794 1656 nbi
810 1591 914 1677 primo
935 1598 968 1653 et
991 1587 1202 1676 sequentibus
1225 1589 1357 1677 idylliis

212 1695 392 1782 praemisse
414 1693 576 1782 leguntur.

297 1796 440 1882 Repetiit
463 1817 503 1859 ex
528 1793 749 1880 Culliergiane
775 1797 850 1858 Bas.
872 1799 905 1870 I,
933 1793 989 1857 sed
1019 1791 1185 1857 nonnullis
1207 1792 1352 1858 lectioni·

213 1899 273 1964 bus
290 1921 333 1964 ex
343 1897 442 1962 Ald.e
464 1899 577 1969 ascitis
594 1907 626 1961 et
639 1895 882 1980 Prolegomenis
900 1905 997 1981 atque
1012 1893 1186 1982 hypothesi
1205 1894 1247 1959 ad
1265 1895 1312 1958 Id.
1325 1911 1348 1957 1.

211 2001 386 2082 mutilatis,
404 2007 440 2064 ut
461 2000 565 2086 ipsum
589 1997 737 2086 idyllium
757 1999 895 2084 primum
913 1999 1011 2081 (sicut
1030 1996 1122 2084 apud
1134 1996 1346 2082 Calliergnm)

210 2102 251 2168 ab
277 2103 371 2168 initio
398 2101 621 2189 quaternionis
642 2103 665 2184 β
686 2100 853 2186 inciperet.
898 2098 1012 2186 Itaque
1042 2121 1083 2163 ex
1118 2097 1347 2184 Calliergiauis

210 2205 330 2269 omissa
352 2213 426 2268 sunt
454 2204 688 2289 epigrammate
711 2219 746 2266 11.
775 2210 895 2284 11111,
919 2200 1037 2265 deinde
1059 2219 1119 2264 vii.
1145 2201 1183 2266 F.
1208 2223 1283 2265 oum
1304 2223 1350 2264 se

210 2315 329 2393 quente
349 2297 474 2386 ἄλλως,
498 2315 530 2369 et
551 2326 594 2368 ex
614 2302 788 2391 hypothesi
807 2291 848 2366 ad
868 2301 919 2366 Id.
943 2318 965 2364 1.
989 2313 1127 2390 atquae
1150 2304 1180 2368 ei
1210 2304 1244 2367 in
1268 2301 1350 2368 Call.

209 2407 387 2472 adhaerent
408 2406 489 2471 nihil
508 2404 655 2471 relictum
671 2415 800 2493 praeter
815 2402 953 2468 aiterum
971 2403 1102 2470 brevius
1121 2414 1350 2492 argumentum

210 2507 248 2574 ἐν
280 2505 387 2595 τούτῳ
513 2559 518 2570 .
552 2500 676 2591 ducum
708 2508 800 2572 deest
830 2508 930 2572 etiam
961 2507 1149 2595 hypothesis
1182 2511 1275 2595 prior
1308 2507 1348 2572 sd

208 2610 258 2674 Id.
289 2615 336 2672 xi.
380 2609 474 2674 Hanc
501 2609 682 2695 mutilatam
708 2599 928 2674 redactionem
956 2619 1111 2696 sequutae
1134 2619 1211 2674 sunt
1236 2610 1347 2675 editio-

208 2733 265 2776 nes
287 2716 368 2775 Cam.
390 2716 453 2776 Sul.
476 2716 548 2777 Bas.
567 2717 616 2775 II.
638 2717 729 2776 Furr.
762 2716 860 2776 chls.
890 2712 938 2796 (in
966 2711 1027 2794 hac
1053 2707 1294 2798 Prolegornena
1319 2721 1350 2776 et

206 2815 411 2900 Argumenta
430 2815 463 2877 in
481 2835 580 2877 unum
599 2823 716 2902 co‘rpus
732 2812 865 2877 redacte
880 2823 955 2877 ante
970 2813 1217 2900 Epigrammata
1238 2814 1348 2900 legun·

207 2915 292 2999 tur),
316 2924 384 2980 tum
407 2919 501 2980 Brut.
521 2921 550 2980 I.
572 2921 618 2980 II.
642 2921 713 2996 th.
738 2919 839 2996 Steph.
858 2920 886 2978 I.

293 3016 437 3083 Noverit
459 3023 627 3100 Crispinus,
653 3019 687 3081 in
712 3016 958 3105 Hypothesibus
984 3037 1027 3080 ex
1056 3018 1180 3104 ingenii
1211 3018 1347 3086 arbitrio

209 3119 311 3184 multa
332 3129 479 3203 mutans,
500 3118 824 3202 omittens‚=sddens;
845 3117 1080 3204 Prolegomene
1102 3143 1165 3184 non
1187 3121 1348 3188 exhibuit.

206 3223 277 3288 Has
299 3222 495 3310 hypotheses
520 3222 761 3307 Crispinianes‚
785 3221 862 3286 item
885 3223 955 3286 sine
973 3220 1235 3306 Prolegomenis,
1258 3245 1347 3312 repe-

205 3327 258 3390 tiit
280 3330 380 3406 Steph.
406 3317 471 3399 II..
501 3325 565 3389 nisi
589 3323 674 3410 quod
704 3345 746 3385 ex
774 3323 971 3389 editionibus
992 3332 1067 3388 ente
1092 3322 1279 3412 Crispinum
1300 3349 1346 3392 re

206 3436 319 3515 ceptae
349 3436 426 3493 sunt
445 3425 633 3513 hypothesis
655 3424 697 3489 ad
719 3423 769 3489 ld.
794 3443 863 3489 rivi.
887 3449 906 3490 a
928 3423 1081 3513 Crispino
1104 3417 1201 3492 vulde
1223 3437 1346 3494 mutata

206 3539 238 3592 et
259 3529 448 3615 hypothesis
471 3528 513 3592 ad
534 3529 585 3592 ld.
610 3527 757 3592 11111111
781 3528 893 3593 eodem
916 3529 1047 3594 omissa.
1092 3527 1188 3593 Hanc
1212 3529 1344 3616 Stepha-

205 3631 335 3694 nianam
360 3628 601 3716 Hypothesium
623 3630 843 3695 redactionem
866 3653 938 3694 cum
963 3628 1208 3715 Prolegomenis
1231 3655 1344 3698 secun·

117 3771 119 3776 ν
207 3731 283 3796 dum
300 3729 378 3794 Bas.
398 3747 420 3792 1.
444 3731 602 3796 mutilatis
626 3731 783 3797 exhibent
807 3726 912 3798 Comus.
934 3737 1035 3797 Heius.
1058 3737 1162 3797 oni.
1177 3739 1223 3799 II.
1243 3739 1343 3800 Beislr.

211 3839 304 3898 Wart.
348 3831 503 3896 Reishins
532 3833 774 3921 Prolegomena
794 3836 826 3898 in
849 3834 983 3900 alterius
1006 3835 1181 3900 voluminis
1204 3837 1344 3920 initium,

205 3933 384 4000 Wartonus
405 3935 439 3998 in
463 3933 703 4002 Praetutionem
725 3960 757 4023 p.
781 3953 866 4000 111111
886 3959 976 4024 seqq.
999 3938 1179 4024 transjecit.

289 4037 328 4100 In
357 4037 506 4102 omnibus
535 4036 601 4102 illis
628 4047 702 4128 post
732 4038 815 4104 Call.
844 4037 1041 4104 editionibus
1064 4047 1139 4104 ante
1172 4039 1344 4106 Reislrium

204 4140 351 4207 codicum
373 4149 602 4226 usurpatorum
622 4163 663 4205 ne
686 4141 888 4206 levissimum
904 4141 1034 4228 quidem
1055 4141 1230 4227 vestigium
1245 4165 1343 4231 eppa·

204 4253 254 4309 ret
276 4264 342 4308 una
359 4240 618 4307 Commeliniana
640 4253 791 4331 excepte,
809 4243 865 4309 ubi
888 4243 1032 4309 dubitari
1054 4265 1119 4308 non
1137 4251 1245 4330 potest
1263 4247 1343 4332 quin

203 4345 360 4436 quaedam
382 4344 538 4410 lectiones
569 4367 612 4409 ex
638 4343 731 4409 libris
754 4347 984 4434 manuscriptis
1008 4345 1168 4411 Palatinis
1190 4367 1342 4412 manave·

202 4449 277 4511 rint.
324 4447 479 4511 Reislrius
509 4455 541 4511 et
561 4447 738 4511 Wertonns
766 4449 868 4533 copiis
890 4450 957 4512 suis
980 4448 1023 4512 ad
1049 4449 1208 4513 veriorem
1230 4447 1342 4514 lectio·
