3064 5050
646 362 854 412 rssarsvm.
1069 327 1072 334 ¹
1234 365 1324 414 xxm
1365 385 1368 390 -

179 534 325 620 ginales‚
360 542 397 598 ut
426 537 460 600 in
490 535 547 616 L.,
575 536 627 600 oui
655 535 690 600 in
718 535 780 599 hae
800 543 892 621 parte
917 533 1099 598 simillimus
1122 545 1181 600 est.
1226 536 1322 600 Prae-

180 645 269 702 terea
291 637 333 702 ad
351 635 587 722 Prolegomena
608 637 664 720 (ad
683 637 765 702 haee
778 639 918 725 primum
940 657 961 700 a
980 636 1174 724 Duebnero)
1198 648 1231 703 et
1250 660 1322 724 par-

178 747 243 803 tem
266 738 495 824 hypothesium
516 739 682 804 adhibitus
706 747 764 804 est.

266 843 313 923 0.]
358 840 411 905 Ad
438 840 688 926 Prolegomena‚
717 840 927 928 Hypotheses
955 849 988 904 et
1011 839 1142 906 Scholia
1169 842 1323 927 collatus3

178 941 309 1028 glossae
336 942 563 1008 interlineares
595 944 811 1029 paucissimae
844 940 921 1006 inde
953 941 1082 1006 allatae.
1124 943 1322 1010 Duebnerus

177 1067 210 1130 p.
229 1061 303 1107 vm.
320 1044 490 1132 profitetur
509 1067 543 1109 se
563 1045 740 1131 aliquando
757 1043 843 1108 hunc
859 1043 1004 1108 codicem
1022 1065 1042 1108 a
1065 1043 1234 1110 Gaisfordi
1251 1046 1323 1110 Col·

177 1144 306 1210 bertino
330 1149 400 1232 (qui
422 1148 530 1233 potius
554 1155 605 1211 ost
622 1147 676 1231 B.)
699 1167 764 1210 non
786 1145 951 1210 diversum
972 1146 1195 1230 existimasse3
1221 1169 1322 1234 quare

177 1269 296 1312 vereor
312 1271 352 1312 ne
366 1247 495 1334 aliquae
510 1249 666 1313 lectiones
685 1249 720 1312 in
742 1246 987 1332 Prolegomenis
1009 1269 1029 1312 a
1047 1246 1225 1312 Duebnero
1248 1257 1319 1313 tan-
1374 1293 1377 1302 ·

177 1371 285 1435 quam¹
299 1372 339 1414 ox
363 1349 403 1430 Q.
425 1350 544 1414 allatae
567 1353 676 1436 (quem
705 1347 833 1414 Gallius
856 1349 890 1411 in
914 1347 963 1412 his
987 1349 1057 1414 fere
1082 1349 1243 1437 neglexit)
1267 1373 1320 1438 po-

177 1453 243 1514 tins
264 1452 383 1534 siglum
406 1451 489 1516 illud
510 1473 552 1516 ex
576 1450 670 1516 Oolb.
693 1449 887 1515 translatum
909 1449 1060 1514 habeant.

267 1555 313 1636 T.]
338 1553 516 1618 Rarissime
537 1555 572 1618 in
591 1552 708 1618 ceteris
723 1551 867 1616 adscitus
885 1551 995 1639 paullo
1012 1552 1215 1638 frequentius
1233 1554 1320 1639 glos-

178 1675 231 1718 sas
255 1653 485 1740 suppeditavit.

266 1758 493 1838 r.]=00a1.
517 1754 624 1820 Gaisf.
670 1755 878 1842 Hypothoses
908 1752 1006 1820 habet
1034 1763 1067 1820 ct
1095 1755 1234 1838 scholia,
1263 1760 1321 1824 sed
1431 1773 1434 1778 '

176 1857 272 1940 haec,
294 1867 331 1922 ut
351 1857 498 1940 videtur,
520 1879 585 1922 non
606 1856 694 1922 ultra
714 1857 764 1922 ld.
788 1856 976 1939 V111.;'nam
998 1879 1081 1943 quae
1104 1858 1138 1920 in
1158 1862 1320 1944 sequenti-

174 1962 237 2026 bus
260 1982 298 2026 eo
325 1967 431 2024 tracta
464 1967 554 2040 sunt,
583 1962 689 2046 potius
717 1957 901 2044 glossarum
928 1959 1157 2044 marginalium
1181 1964 1320 2047 speciem

176 2064 308 2128 habent.
353 2061 491 2126 Glossae
511 2061 736 2126 interlineares
756 2080 880 2146 paucae
902 2082 921 2123 a
943 2059 1052 2124 Gailio
1075 2070 1240 2126 enotatas..
1266 2063 1337 2140 Ad,

177 2165 227 2228 Id.
252 2180 290 2228 11.
312 2166 423 2252 plures
444 2162 616 2248 evulgavit
630 2161 911 2246 Weissgerberus.
957 2160 1117 2247 Pleraque
1138 2185 1215 2226 vero
1236 2187 1320 2250 quae

175 2267 230 2336 hie
253 2265 445 2352 exscripsit,
467 2264 692 2329 interlinearis
715 2285 787 2326 esse
804 2263 973 2346 videntur,
997 2284 1184 2350 quanquam
1204 2263 1265 2330 hoc
1287 2268 1320 2331 in

173 2377 268 2454 parte
290 2375 416 2430 tantum
436 2365 616 2430 adnotavit.
639 2357 641 2360 ⁵
663 2363 770 2430 Semel
793 2364 1094 2450 interpretationem
1116 2365 1150 2430 in
1172 2369 1320 2452 margine

172 2471 242 2554 legi
267 2468 437 2534 indicavit.
475 2465 678 2538 ,Gaisfordus
694 2466 756 2530 hoc
773 2465 857 2530 libro
875 2467 917 2532 ad
933 2466 1142 2552 Hypotheses
1160 2491 1239 2534 usus
1257 2479 1317 2552 est,

173 2570 355 2661 secandum
374 2567 616 2634 Dorvillianam
633 2577 713 2655 puta
732 2567 949 2633 collationem.

260 2675 309 2754 Z.]
348 2670 476 2736 Paucae
503 2673 614 2736 variae
635 2670 790 2734 lectiones
812 2670 853 2735 ad
879 2670 1030 2757 Prolegg.
1061 2681 1094 2738 et
1120 2673 1243 2739 scholia
1267 2675 1333 2738 Id.''

172 2791 276 2838 1—v.
302 2773 378 2838 inde
400 2773 552 2852 haustae,
574 2773 743 2859 pauciores
763 2773 861 2836 etiam
881 2772 1022 2858 glossae.

377 2883 604 2950 Hispanicum

264 2970 340 3050 Tot]
386 2966 473 3032 Hinc
496 2967 647 3034 Schottus
670 2966 830 3054 quaedam
856 2967 899 3032 ad
919 2953 1158 3053 Prolegomena
1183 2968 1319 3057 protulit

171 3071 362 3138 Observatt.
386 3087 423 3132 11.
446 3092 473 3133 o.
492 3072 541 3132 50.

375 3190 422 3242 Aa
453 3188 573 3243 Hcanh

258 3277 375 3357 Bar.“·]
422 3209 561 3354 Sgoholiis
599 3269 835 3357 marginalibus
872 3278 904 3334 et
940 3269 1204 3334 interlinearibus
1235 3280 1317 3334 teste

172 3378 278 3442 Coxio
300 3397 457 3462 perquam
479 3376 673 3456 instructum
698 3372 838 3436 eundem
863 3370 1041 3435 Wartonus
1064 3393 1095 3456 p.
1118 3388 1190 3434 vrrr.
1213 3393 1319 3456 pauca
1350 3415 1359 3425 ι

171 3480 334 3550 editorum
357 3476 553 3542 scholiorum
576 3484 687 3538 tenero
711 3475 800 3538 dicit.
847 3473 956 3536 Pauca
976 3471 1173 3537 Gaisfordus
1195 3470 1317 3536 deliba·

170 3583 237 3662 vit,
259 3580 457 3666 paucissima
479 3575 766 3641 Wordsworthius.
809 3573 960 3640 Ceterum
984 3553 1017 3638 in
1039 3573 1141 3638 Varia
1161 3572 1317 3638 Lectione

68 3745 73 3756 ,
170 3681 256 3768 siglo
278 3685 355 3744 Bar.
378 3681 430 3744 usi
454 3701 573 3743 sumne.

258 3785 355 3866 Boea]
382 3780 480 3846 Haud
503 3801 626 3866 paucas
645 3779 773 3866 glossas
794 3778 930 3842 Latinas
946 3777 1083 3843 Graecis
1101 3777 1218 3842 litteris
1240 3778 1316 3842 sori-

170 3896 246 3973 ptas
265 3882 544 3949 Wordsvvorthius
562 3881 638 3947 inde
654 3881 807 3968 protulit,
830 3901 911 3966 quas
928 3889 1075 3966 repetere
1090 3878 1178 3944 nolui
1187 3927 1196 3959 ‚
1219 3901 1317 3942 unam

171 4010 252 4053 vere
273 3986 445 4052 Graecam.

260 4091 349 4171 Cam]
373 4087 491 4152 Insunt
511 4095 643 4150 auctore
658 4083 919 4149 Wordsworthio
940 4081 1064 4148 scholia
1085 4080 1214 4163 brevia,
1230 4079 1336 4143 unde·

171 4191 370 4258 Gaisfordus
395 4187 483 4253 haud
505 4189 552 4252 ita
574 4185 855 4273 paueaenotavit.

261 4294 361 4375 Cant]
406 4288 538 4356 Scholia
566 4289 666 4353 hahet
696 4295 728 4352 et
751 4286 896 4372 glossas,
922 4284 1007 4348 undo
1037 4279 1315 4346 Wor·dsw0rthius
1375 4323 1379 4334 .

168 4417 275 4482 pauca
298 4391 459 4482 quaedam
482 4391 652 4478 excerpsit.
671 4429 673 4433 -
