2946 5046
557 393 766 455 rusnsnrlo.
1142 391 1238 442 xnvtt
1316 437 1328 448 .

173 563 206 648 6)
235 561 287 628 Ea
309 563 482 650 redactio,
508 589 589 655 quae
610 569 740 656 utrique
767 567 911 634 familiae
936 589 995 655 pro
1027 564 1238 632 fundamento

101 672 155 746 est,
184 687 377 753 quanquam
415 669 622 734 Christianae
649 668 727 734 fidei
754 670 903 756 vestigiis
935 668 1239 747 destitutarum
1314 711 1323 728 .
1378 703 1380 710 ·

99 775 190 830 aetate
207 765 429 835 Justinianea
451 771 617 857 antiquior
638 770 750 836 haberi
774 772 901 858 nequit3
922 789 1028 856 neque
1052 770 1139 832 enim
1159 769 1239 834 Era-

97 868 241 932 tosthenis
262 883 297 933 et
319 869 513 954 Theaeteti,
538 893 618 958 quos
642 874 672 937 ei
695 873 805 938 seculo
827 871 1081 948 vindicavimus,
1104 891 1240 935 comme-

96 971 281 1034 murationes
309 972 386 1036 nlla
408 975 480 1058 veri
501 973 610 1056 specie
632 973 717 1058 inter
738 973 921 1038 recentiora
938 969 1162 1036 additamenta
1186 972 1238 1036 ha·

95 1068 155 1131 beri
181 1082 334 1154 possunt.
386 1072 431 1138 Ut
462 1073 568 1136 dicam
596 1073 684 1159 quod
711 1075 831 1158 sentio,
858 1074 964 1159 ipsum
990 1071 1241 1138 Eratosthenem

94 1168 326 1236 scholasticum
352 1175 505 1261 suspicor
526 1174 586 1240 hoc
605 1196 721 1262 corpus
742 1174 937 1240 scholiorum
955 1175 1115 1259 coegisse,
1141 1197 1240 1260 quum
1318 1169 1324 1180 ’

94 1269 252 1356 probabile
275 1277 343 1357 sit,
368 1286 406 1340 ut
427 1295 527 1362 supra
544 1275 705 1358 indicavi,
728 1299 801 1341 eum
817 1299 884 1341 non
904 1275 1008 1342 solum
1027 1275 1239 1362 hypothecam

94 1372 128 1434 ad
146 1371 191 1436 ld.
209 1390 293 1450 111„
319 1376 449 1463 deque
466 1385 608 1460 constat,
632 1380 818 1465 scripsisse,
843 1377 1014 1464 sedetiam
1031 1377 1158 1463 plures,
1180 1401 1240 1444 nec

94 1474 189 1538 ninus
211 1477 247 1540 in
270 1479 361 1564 ipsis
384 1478 518 1545 scholiis
541 1501 674 1567 operam
698 1481 857 1566 posuisse.
901 1478 965 1542 Hic
990 1477 1134 1544 Theonis
1156 1502 1241 1544 ccm-

94 1579 296 1661 secularium,
323 1583 392 1646 nisi
415 1579 524 1663 fallor,
550 1582 597 1645 ita
616 1581 795 1668 excerpsit,
818 1591 854 1646 ut
876 1581 1037 1668 quaedam
1063 1601 1106 1644 ex
1130 1603 1240 1644 recen-

95 1675 222 1742 tioribus
246 1684 500 1748 commentariis
507 1682 605 1766 ,alia
627 1682 787 1769 quaedam
811 1682 852 1747 de
874 1703 932 1748 suo
948 1681 1094 1748 adderet.
1138 1680 1242 1748 Theo·

96 1779 138 1840 nis
161 1781 245 1846 enim
264 1782 431 1871 pleraque
454 1806 541 1867 esse,
569 1785 777 1872 Asclepiadis
800 1785 983 1871 antiquiore
1011 1785 1242 1848 commentario

96 1879 151 1955 usi,
175 1879 261 1948 haee
284 1885 413 1951 indicia
433 1886 570 1952 adsunt.
595 1876 737 1973 primum
762 1887 934 1973 utriusque
960 1884 1075 1950 scholii
1098 1883 1243 1950 Theonei

97 1978 131 2042 ab
157 1981 362 2073 Etymologo
391 1989 513 2052 servati
539 1999 695 2075 excerpta
720 1997 914 2105 supersunt3
944 1985 1063 2052 deinde
1089 1985 1279 2096 pleraque

98 2079 286 2152 scholiorum
309 2089 544 2173 vetustiorum,
567 2111 650 2175 quae
671 2113 736 2156 non
759 2090 793 2154 in
815 2087 955 2174 singulis
977 2087 1127 2154 familiis
1136 2109 1243 2152 acees-

98 2183 169 2248 sissc
193 2188 372 2273 videntur,
395 2213 415 2254 a
437 2190 613 2256 Theonis
604 2194 737 2276 ingenio
757 2212 823 2256 non
851 2188 959 2255 aliena
981 2199 1113 2254 suntet
1134 2198 1244 2254 aucto-

98 2305 143 2348 res
163 2294 335 2377 appositos
360 2293 484 2358 habent
504 2291 560 2358 illo
589 2293 806 2379 antiquiores,
831 2290 973 2379 denique
1000 2314 1099 2378 quum
1119 2301 1243 2356 certum

100 2385 135 2448 sit
149 2391 348 2460 scholiorum
367 2394 569 2460 reductorem
580 2395 849 2486 hypomnematis
865 2392 1028 2458 Theoneis
1047 2415 1141 2460 usum
1161 2415 1244 2479 csse,
1354 2399 1356 2405 ’
1385 2457 1392 2466 ,

100 2485 152 2550 ld
145 2511 266 2578 ipsum,
293 2496 382 2582 qnod
403 2497 456 2561 hic
478 2518 639 2584 nusquam
654 2498 841 2562 nominatur
855 2504 891 2559 ut
909 2494 963 2561 vel
979 2496 1145 2582 antiquior
1159 2518 1244 2561 com·

99 2603 251 2662 inentator
279 2597 498 2684 Asclepiades
526 2597 617 2664 vel'
604 2598 752 2683 Juniores
783 2595 926 2662 Nicanor
953 2596 1151 2662 Theaetetus
1173 2597 1243 2664 Mu-

102 2701 201 2778 natus,
228 2701 342 2786 prodit
372 2699 515 2765 Theonis
545 2721 627 2787 opus
655 2699 835 2764 redactioni
858 2698 1052 2764 scholiorum
1079 2700 1244 2785 superstiti

102 2813 151 2876 pro
173 2797 390 2866 fundamento
416 2802 569 2884 subesse,
598 2801 632 2865 id
659 2800 747 2888 quod
771 2799 947 2866 Wartonus
976 2825 1041 2866 non
1063 2800 1148 2866 male
1175 2823 1245 2864 sen·

105 2894 147 2960 sit.
187 2899 337 2968 Theonei
357 2925 435 2968 vcro
456 2903 680 2968 commentarii
699 2903 862 2988 excerptis
884 2902 1117 2968 Eratosthenes
1135 2911 1167 2966 et
1181 2902 1246 2966 alia

103 2997 217 3069 addidit
239 3013 275 3070 et
296 3027 351 3086 ea,
371 3004 430 3069 ubi
451 3006 648 3070 recentiores
671 3013 940 3070 commentatores
962 3003 1106 3070 Nicanor
1122 3005 1247 3069 Theae-

105 3105 178 3166 tetus
205 3107 363 3172 hlunatus
396 3105 456 3170 vel·
472 3108 529 3170 alii
551 3115 700 3172 auctores
730 3106 864 3172 Theona
886 3107 1084 3172 recentiores
1107 3105 1246 3170 adhibiti

104 3214 186 3288 sunt,
219 3218 259 3272 ut
287 3233 320 3296 p.
345 3213 403 3290 79,
431 3210 478 3272 18.
510 3209 756 3298 Epaphroditue
787 3208 862 3293 (sub
889 3205 1020 3272 Nerone
1048 3216 1081 3272 et
1109 3206 1247 3291 Nerva),

106 3324 130 3386 p.
152 3311 221 3392 181,
249 3316 277 3376 l.
299 3311 472 3411 Oppianus
498 3311 575 3398 (sub
597 3310 712 3376 Marco
737 3309 933 3396 Antonino).

315 3557 351 3648 ξ.
382 3555 416 3626 5.
468 3555 523 3626 De
549 3553 710 3627 scholiis
735 3549 1057 3630 Recentioribua.

180 3722 211 3806 i)
235 3718 370 3785 Scholia
393 3721 578 3786 recentiora
600 3743 648 3785 ee·
659 3721 819 3800 diximus,
842 3739 925 3808 quae
942 3717 1163 3805 grammaticis
1182 3718 1246 3804 By·

103 3822 232 3886 zuutinis
257 3821 392 3886 infimae
410 3823 530 3890 ,aetatis
556 3823 634 3888 inde
662 3823 703 3888 ab
733 3844 798 3886 soc.
821 3838 896 3886 xlll.
927 3820 1086 3906 originem
1115 3819 1246 3885 dehent.

105 3915 213 3986 Eorum
235 3924 313 3988 tria
329 3925 463 3990 nomina
489 3925 570 4011 ipsis
595 3923 728 3990 scholiis
750 3922 900 4010 apposita
922 3924 1128 4007 reperiuntur
1150 3921 1247 3986 haec:

175 4027 209 4110 a)
233 4031 361 4090 Muuuel
383 4029 595 4106 Mosclrepulus
617 4027 758 4112 prhnnm
781 4033 946 4112 comparet
969 4025 1003 4088 in
1019 4023 1089 4088 cod.
1106 4023 1170 4106 M,
1191 4023 1248 4087 ubi

104 4126 193 4192 verba
217 4127 335 4214 idpdlio
358 4127 463 4214 primo
486 4129 667 4212 praemissa
697 4126 788 4208 „rori
806 4123 1007 4209 σοφωτάτου
1025 4123 1145 4208 Κυρού
1167 4127 1248 4186 Μα-

104 4221 198 4311 vuelli
220 4224 480 4312 Μοσχοπούλου
502 4223 618 4311 σχόλια
639 4225 695 4292 καὶ
716 4232 914 4312 Δημητρίου
937 4227 998 4306 τοῦ
1028 4227 1246 4309 Τρικλινίου“

105 4329 138 4392 ad
165 4341 267 4397 totum
290 4353 373 4418 opus
394 4331 571 4396 referenda
602 4353 674 4396 esse
702 4331 872 4412 videntum
903 4329 1024 4394 ibidem
1054 4323 1116 4390 τὸὖ
1143 4315 1251 4387 αὐτοῦ

105 4427 350 4516 Μοσχοπούλου
380 4426 497 4516 σχόλια
524 4442 600 4498 ante
629 4433 679 4497 Id.
702 4449 739 4496 11.
762 4447 810 4498 vr.
835 4448 896 4496 vn.
920 4447 995 4494 v111.
1019 4427 1086 4511 legi
1113 4424 1252 4488 traditur
1303 4452 1309 4466 =
