2946 5046
223 368 294 418 LXX
701 369 910 420 PRAEFATIO.

224 539 422 606 editionibus
449 542 625 626 correcta),
646 540 783 608 molesta
804 513 1019 627 religiositate
1040 539 1150 606 omnia
1170 537 1371 606 exscribere.
1443 604 1444 611 χ

224 641 395 707 Editiones
427 650 502 728 post
533 641 632 725 Call,
664 664 745 730 quas
773 653 849 708 autc
878 643 984 708 Wart.
1013 665 1055 710 ex
1085 642 1263 708 codicibus
1293 641 1373 734 nibil

223 743 373 810 hausisse
386 765 494 831 ¹siqua
508 744 687 808 iudicatum
709 753 774 828 est,
797 744 866 808 fere
887 767 951 808 non
968 745 1239 820 commemoravi,
1259 743 1323 806 nisi
1338 753 1372 804 ut

223 833 377 928 uolgatae
399 844 549 911 lectionis
578 844 632 910 vel
659 846 748 932 ejus,
777 847 955 912 secundum
983 867 1080 932 quam
1107 846 1244 912 codices
1265 843 1372 910 collati

225 955 317 1027 sunt,
339 947 430 1031 origo
449 957 630 1035 appareret.
676 947 801 1033 Siglum
825 955 918 1030 vale,
935 948 1001 1012 nisi
1024 969 1107 1034 quae
1128 947 1298 1012 editiones
1320 967 1371 1008 cx·

224 1057 337 1134 ceptae
364 1057 454 1130 sunt,
479 1069 591 1112 omues
616 1048 861 1136 comprehendit
888 1071 909 1114 a
939 1047 1022 1114 Call.
1051 1070 1156 1138 usque
1179 1047 1225 1112 ed
1249 1045 1370 1110 Kiessl.

224 1148 317 1231 incl,
340 1148 535 1235 quibusdam
558 1149 696 1214 subinde
718 1141 900 1235 neglectis,
912 1151 1032 1238 quibus
1050 1150 1159 1216 nullus
1176 1147 1371 1216 collatorum

223 1270 302 1314 usus
324 1259 384 1314 est.
429 1250 470 1315 In
492 1250 738 1339 Hypotbesibus
763 1272 841 1318 vero
864 1259 955 1331 vaslo,
980 1253 1008 1316 si
1031 1251 1113 1317 nibil
1131 1251 1303 1332 additum,
1332 1249 1372 1311 si·

222 1350 357 1435 gnificat
375 1350 546 1418 lectionem
563 1352 638 1416 inde
656 1373 677 1416 a
695 1353 914 1420 Valckenario
933 1353 1115 1441 vulgatam,
1129 1355 1209 1441 qnia
1228 1351 1273 1416 ad
1289 1351 1372 1438 prio

222 1471 274 1516 res
297 1451 456 1516 editiones
478 1453 587 1518 nullae
608 1453 678 1518 lere
697 1452 887 1519 collationes
912 1456 1019 1519 factae
1040 1465 1136 1538 suut3
1163 1474 1276 1541 neque
1298 1473 1369 1538 ope·

222 1573 278 1618 rae
305 1555 446 1640 pretium
473 1555 581 1619 visum
612 1555 653 1620 de
679 1558 855 1620 temeraria
877 1556 1021 1644 Crispini
1042 1555 1254 1636 reductione,
1288 1573 1369 1640 quae

221 1663 297 1720 ante
316 1653 572 1721 Valckenarium
593 1655 767 1742 regnabat,
798 1667 949 1724 accurate
974 1657 1114 1740 referre,
1137 1667 1367 1744 praeterquam

94 1830 98 1838 ¹
222 1757 249 1820 si
279 1777 345 1844 qua
369 1779 389 1820 a
417 1755 636 1822 Valckenario
659 1756 735 1822 inde
761 1769 893 1847 arrepta
914 1769 1033 1824 essent.
1077 1759 1273 1822 Editionnm
1296 1763 1366 1842 post

221 1857 361 1941 Kiessl.,
386 1857 563 1924 secuudum
589 1881 671 1946 quas
704 1857 813 1924 nullae
836 1861 1025 1926 collationes
1055 1859 1182 1942 factae,
1212 1857 1367 1923 lectiones

221 1981 294 2024 raro
323 1959 469 2026 iudicare
499 1962 617 2026 visum.
670 1961 820 2027 Ceterum
847 1961 963 2028 codicu
1018 1963 1047 2026 si
1072 1983 1170 2048 quam
1194 1959 1365 2026 lectionem

220 2083 264 2126 ex
286 2060 416 2127 silentio
439 2048 648 2128 collationum
673 2063 847 2128 eruendam
867 1983 1032 2149 judicas,
1064 2083 1137 2126 eam
1165 2061 1299 2128 uncinis
1320 2079 1366 2122 se·

220 2163 413 2230 mirotundis
436 2163 630 2249 significavi.

306 2265 340 2350 5)
373 2269 527 2330 stemate
550 2264 744 2332 scholiorum
769 2265 1061 2350 Calliargianorum
1086 2288 1125 2330 ea
1148 2267 1262 2351 posui,
1285 2281 1364 2348 quse

221 2367 254 2429 in
270 2366 345 2451 ipsa
362 2365 444 2430 Call.
466 2365 632 2452 leguntur,
648 2367 846 2454 reliquarum
861 2368 1040 2433 editionum
1058 2365 1298 2432 mutationibus
1315 2359 1363 2428 vel

219 2466 480 2534 mutilatiouibus
510 2466 683 2553 neglectim
710 2491 816 2556 neque
844 2471 930 2533 enim
958 2490 1000 2532 ex
1023 2467 1135 2533 barum
1170 2464 1361 2534 lectionibus

220 2567 397 2655 quidquem
421 2567 461 2631 de
480 2568 649 2634 codicibus
666 2569 777 2655 colligi
794 2579 917 2658 potest,
934 2591 1039 2656 quum,
1049 2567 1242 2634 collationes
1260 2573 1359 2656 (prue-

219 2679 269 2734 ter
290 2689 345 2732 eas
365 2668 484 2754 quibus
505 2671 576 2756 ipse
595 2693 675 2740 usus
692 2673 778 2757 auru)
800 2671 952 2736 lemmata
972 2673 1042 2736 sere
1064 2669 1291 2756 neglexerint3
1312 2681 1361 2730 ta·

218 2769 285 2834 rias
312 2770 470 2836 lectiones
497 2793 641 2837 meorum
670 2772 818 2838 codicum
848 2782 881 2836 et
910 2773 936 2837 si
965 2793 1030 2858 qua
1053 2793 1095 2838 ex
1116 2771 1191 2836 aliis
1214 2775 1360 2848 coeunte

169 2907 175 2916 ·
218 2872 385 2958 exscripta
407 2881 507 2954 esset,
532 2871 683 2959 religiose
705 2865 890 2940 adnotari.v
919 2873 969 2938 Ea
991 2895 1069 2948 vero
1088 2872 1259 2957 lemmata,
1284 2889 1361 2958 quae

217 2973 339 3038 ameis
362 2972 537 3039 codicibus
551 2973 686 3056 absunt,
713 2985 751 3040 ut
772 2997 792 3040 a
815 2975 979 3061 Calliergo
1002 2973 1115 3040 addita
1136 2997 1210 3041 esse
1231 2975 1359 3040 videau·
1380 3033 1384 3040 .

218 3085 285 3156 tur,
305 3075 404 3139 tacite
423 3083 578 3163 tanquam
599 3079 712 3164 spuria
734 3077 984 3163 circumscripsi.
1022 3075 1131 3158 Quum
1145 3085 1257 3142 tammr
1272 3075 1358 3159 Lips.

217 3184 292 3264 post
314 3175 364 3242 Id.
385 3175 418 3259 I,
440 3179 492 3242 42.
527 3176 680 3243 lemmata
707 3179 778 3244 fere
803 3197 869 3242 non
898 3177 1033 3261 babeat,
1061 3178 1159 3265 hujus
1185 3189 1262 3264 post
1292 3196 1358 3256 eum

218 3278 324 3344 locum
346 3279 505 3343 rationem
535 3301 601 3345 non
622 3279 738 3361 bsbui,
767 3279 831 3344 nisi
855 3280 939 3366 quod
964 3280 1124 3360 indicavi,
1149 3282 1178 3344 si
1200 3269 1267 3366 qu'a
1290 3279 1359 3343 lem·

216 3389 304 3446 mata
325 3381 422 3446 etiam
444 3383 479 3446 iu
502 3379 562 3446 boc
585 3381 749 3466 leguntur.
796 3379 930 3446 Praeter
952 3380 1104 3446 lemmata
1132 3380 1268 3447 scholiis
1292 3380 1358 3446 Cet·

217 3483 385 3566 liergianis
409 3502 506 3569 saepe
528 3482 595 3547 alia
616 3482 775 3570 quaedam
793 3483 945 3569 praelixa
966 3493 1058 3564 sunt,
1091 3503 1175 3570 quae
1197 3483 1261 3568 ipsi
1290 3477 1358 3547 Cal·

215 3581 319 3667 liergo
341 3582 453 3648 deberi
478 3583 649 3662 videntur,
679 3593 716 3648 ut
743 3575 780 3650 τό
803 3584 888 3666 πᾶν,
916 3575 934 3648 ὁ
954 3584 1045 3660 νοῦς.
1085 3583 1176 3650 Haec
1200 3593 1233 3648 et
1255 3575 1358 3654 ἄλλως

215 3682 267 3748 vel
292 3676 325 3765 ἤ,
347 3683 404 3748 ubi
425 3706 444 3747 a
464 3686 544 3750 meis
560 3684 728 3750 codicibus
748 3684 883 3768 absunt,
899 3684 1090 3774 plerumque
1106 3687 1206 3750 tacito
1223 3687 1357 3750 circum·

215 3779 347 3870 scripsi,
366 3784 454 3850 baud
473 3807 547 3852 raro
564 3795 674 3853 tamen
693 3779 802 3862 ἄλλως
824 3786 877 3852 vel
891 3779 912 3871 ἤ
928 3789 1084 3852 intactum
1100 3787 1233 3874 reliqui,
1257 3785 1356 3852 sicubi

214 3907 273 3972 per
292 3907 327 3950 se
350 3893 492 3972 pateret,
517 3887 549 3952 id
570 3910 590 3952 a
612 3889 705 3954 libris
729 3887 799 3955 sola
821 3889 874 3954 vel
898 3891 1080 3954 vetustiora
1103 3887 1155 3954 vel
1177 3889 1356 3954 recentiora

215 3984 339 4052 scholia
362 3989 550 4054 tenentibus
574 3989 717 4056 alienum
741 4011 823 4056 asse.
868 3991 907 4054 In
933 3990 1065 4056 scboliis
1087 4011 1151 4056 non
1171 3988 1355 4074 Calliergia-

213 4089 265 4156 nis
288 4086 455 4170 lemmata,
481 4099 637 4176 quantum
656 4091 727 4158 fieri
746 4101 889 4179 poterat,
910 4115 952 4156 ex
971 4093 1051 4156 meis
1066 4091 1235 4158 codicibus
1254 4092 1354 4176 posui.

214 4189 306 4271 Quae
323 4169 501 4256 Wartonus
524 4201 557 4256 et
572 4192 703 4258 Gallius
724 4203 903 4279 posuerunt
922 4193 1113 4278 majusculis
1129 4193 1267 4276 scripta,
1291 4191 1354 4254 nul·
1377 4277 1382 4286 Ι
1446 4193 1447 4276 ,

213 4292 277 4357 lius
297 4291 374 4392 fidei
396 4302 486 4367 suut,
520 4315 621 4380 quare
644 4293 724 4375 baec
745 4293 846 4378 vulgo
876 4296 1001 4381 sprevi,
1033 4295 1060 4358 si
1089 4292 1219 4381 quando
1249 4293 1291 4356 iis
1312 4293 1353 4356 nti

213 4393 399 4480 oportebat,
423 4415 464 4458 nc
487 4393 661 4460 obscurum
684 4405 787 4479 essct,
810 4417 874 4484 quo
897 4395 1054 4462 scholium
1077 4395 1271 4484 pertineret,
1294 4415 1354 4460 rua·
