2968 5060
578 387 788 437 ruarmo.
1191 395 1255 444 xxt

94 535 185 601 llinc
204 537 393 602 codicibus
425 561 492 606 non
519 540 701 626 designatis
728 563 853 626 paucae
881 543 1004 610 codicis
1031 549 1075 610 M.
1098 545 1254 612 lectiones
1341 586 1350 602 ·

94 642 242 730 prolatae
267 653 355 711 sunt
379 645 426 710 ad
448 645 585 712 Theocr.
609 663 669 711 xv.
703 646 801 711 Bion.
824 665 846 710 1.
881 647 993 714 Inc.1.
1017 667 1067 714 111.
1089 667 1178 736 v111.‚
1200 675 1252 719 co-

94 747 176 814 dicia
204 755 242 814 L.
277 749 327 815 ad
358 752 434 817 Ine.
462 770 486 817 1.
528 752 715 820 Larcherus
747 750 938 818 accentibus
969 754 1037 820 fere
1072 779 1137 824 uon
1170 781 1250 826 catu

94 855 237 921 videtur.

178 964 211 1044 c)
244 963 361 1029 Liber
386 964 469 1029 Aldi
489 965 629 1031 Manutii
651 986 750 1032 manu
771 966 913 1053 scriptus
936 972 1037 1049 Apri„
1066 971 1122 1056 qni
1150 993 1251 1058 penes

93 1069 200 1154 ipsum
221 1069 303 1134 fuit.

179 1176 217 1264 d)
252 1176 422 1258 Quatuor
456 1176 675 1263 Anthologiae
707 1176 896 1243 Plauudeae
929 1180 1059 1246 codices
1095 1181 1250 1268 Parisini,

94 1281 180 1346 unde
208 1283 386 1370 quasdam
417 1284 572 1351 lectiones
602 1283 647 1348 ad
666 1283 913 1371 Epigrammata
933 1295 966 1350 et
986 1286 1111 1353 Mosch.
1132 1305 1170 1353 11.
1194 1310 1249 1354 ex·
1366 1279 1370 1286 ’

97 1392 228 1476 carpsit.

180 1499 216 1584 6)
239 1503 414 1563 Harzestur
431 1497 467 1560 in
489 1495 632 1560 editione
657 1492 821 1560 Theocriti
841 1518 871 1561 a.
897 1499 978 1562 1780
997 1497 1120 1564 codicis
1135 1498 1248 1585 Augu·

99 1601 182 1666 ataui
195 1603 239 1668 ab
259 1605 340 1692 ipso
366 1603 500 1668 excussi
518 1603 645 1667 variam
663 1600 835 1668 lectionem
854 1605 1016 1690 apposuit.
1039 1645 1082 1656 -
1104 1608 1250 1670 strothius

100 1708 134 1770 iu
143 1707 292 1774 editione
312 1733 347 1774 a.
365 1709 450 1772 1782
467 1708 588 1773 codicis
603 1707 748 1774 Gothani
765 1709 891 1773 variam
912 1708 1084 1774 lectionem
1103 1709 1248 1797 protulit.

101 1851 141 1862 —
162 1820 376 1896 Kieaslr'nyius
403 1816 544 1903 primum
570 1815 659 1881 baud
687 1835 810 1902 paucas
838 1813 994 1878 lectiones
1017 1814 1127 1880 attulit
1148 1838 1166 1880 e
1186 1813 1249 1880 eol-

102 1920 220 1986 latione
243 1923 380 1988 codicis
398 1919 729 1986 Schellersbemeneis
753 1941 773 1984 a
798 1919 942 1985 Rinekio
965 1921 1131 2005 instituta,
1153 1945 1249 2010 quem
1315 1927 1318 1935 '

104 2025 221 2091 librum
242 2049 264 2091 a
284 2027 485 2094 Florentino
510 2049 536 2090 e.
565 2047 631 2092 non
653 2027 822 2093 diversum
844 2047 917 2092 esse
939 2027 1027 2092 infra
1049 2027 1249 2094 demonstra-

105 2129 220 2197 bimus.
266 2132 409 2199 Deinde
438 2132 473 2196 in
499 2132 691 2220 Appendice
714 2130 819 2198 edidit
846 2135 944 2199 trium
972 2134 1121 2199 codicum
1142 2134 1249 2200 Vene-

106 2243 208 2300 torum
231 2246 252 2303 1.
276 2261 317 2304 m.
343 2261 371 2304 o.
401 2261 523 2326 paucas
550 2238 722 2323 lectiones,
750 2260 832 2326 quas
859 2238 928 2306 Iac.
951 2238 1120 2307 Morelliua
1142 2240 1248 2306 Vene-

109 2347 158 2404 tus
182 2343 226 2408 ad
247 2343 448 2412 Harlesium
469 2347 705 2412 transmineret.

189 2451 223 2537 7)
253 2459 509 2520 Wordruorttius
530 2455 566 2518 in
584 2452 727 2518 editione
744 2451 912 2517 Theocriti
932 2453 1083 2519 omnibus
1106 2454 1174 2520 fere
1196 2476 1247 2522 eo·

111 2553 235 2622 dinibus
265 2560 469 2646 Anglicanis
502 2581 582 2624 usus
612 2569 678 2642 est,
711 2561 799 2622 Bae*
829 2563 927 2623 Bura.
955 2563 1037 2624 Butl.
1065 2565 1139 2626 Can.
1163 2567 1247 2626 cant.

112 2663 200 2726 Eum.
228 2669 320 2732 Harl.
349 2671 448 2733 Laud.
474 2671 550 2731 Phil.
599 2667 754 2730 Attamen
783 2665 909 2730 variam
936 2686 1048 2731 eorum
1075 2667 1249 2732 lectionem

112 2768 215 2852 potins
243 2771 409 2839 delibavit
425 2793 529 2860 quam
552 2773 715 2857 integram
742 2769 902 2836 exhibuit.
946 2770 1121 2838 Praeterea
1142 2791 1249 2859 pauca

116 2873 269 2957 quaedam
292 2901 312 2944 e
334 2877 642 2946 Sanctamandianis
662 2875 783 2942 attulit.

195 2983 230 3068 8)
263 2985 401 3052 Codicis
428 2983 643 3067 Basileensis‚
672 2983 728 3072 qui
756 2984 912 3048 maiorem
940 2991 1067 3070 partem
1095 2983 1247 3069 Europae

116 3085 282 3160 Moscbeae
313 3101 421 3175 tenet,
455 3090 660 3157 collationem
687 3087 878 3175 diligentem
910 3095 998 3176 (cum
1027 3097 1152 3176 septem
1180 3087 1248 3152 edi-

117 3193 274 3287 tionibus)
305 3197 397 3265 dedit
429 3203 475 3262 W.
505 3199 537 3260 T.
564 3199 707 3260 Streuber
733 3195 768 3258 in
801 3190 973 3278 Philologo
1007 3193 1248 3259 Schneidewini

121 3297 186 3366 Vol.
203 3322 239 3371 11.
261 3331 298 3396 p.
321 3305 394 3370 378.
422 3339 464 3354 -·
496 3307 529 3366 G.
552 3305 746 3366 Hermaeum
768 3302 802 3364 in
827 3297 970 3363 editione
990 3297 1106 3361 Bionis
1125 3305 1158 3360 et
1178 3295 1247 3361 Mo-

122 3407 183 3472 schi
209 3409 453 3479 electionibus
485 3409 519 3472 in
549 3406 716 3472 Iuntinam
744 3405 953 3494 Lipsiensem
979 3425 1000 3467 a
1025 3401 1066 3468 V.
1096 3401 1139 3465 D.
1169 3401 1247 3469 olim

123 3511 212 3584 illatis
234 3519 323 3606 siglo
344 3521 401 3582 Im.
422 3537 501 3582 usus
522 3523 649 3603 partem
668 3511 813 3600 protulit.

196 3625 228 3711 9)
256 3629 507 3704 Weissqerterus,
530 3621 586 3710 qui
609 3641 637 3682 a.
660 3620 739 3683 1829
761 3617 891 3683 codices
906 3616 1074 3682 Parisinus
1093 3621 1128 3683 L.
1155 3622 1188 3694 O.
1208 3623 1244 3684 V.

124 3729 309 3814 contulerat,
339 3732 375 3794 in
400 3736 639 3816 programmate
666 3724 751 3812 lycei
775 3723 949 3789 Rastadini
978 3745 1008 3788 a.
1040 3725 1120 3788 1848
1144 3723 1246 3811 (quod

125 3839 283 3922 repetitum
308 3841 344 3903 in
368 3833 465 3900 Curis
494 3832 698 3898 Theocriteia
727 3831 821 3917 1852)
855 3830 1044 3918 speciminis
1072 3851 1173 3894 causa
1194 3850 1247 3894 co·

126 3937 220 4008 dicum
240 3950 276 4012 L.
306 3950 342 4008 V.
366 3942 493 4007 variam
516 3939 689 4006 lectionem
714 3937 758 4002 ad
784 3935 921 4001 Theoer.
941 3951 998 4016 XV,
1023 3938 1149 3999 1-32.
1172 3959 1246 4023 pro·

129 4045 206 4134 tulit,
234 4048 412 4138 aliquoties
440 4067 513 4109 eum
539 4043 676 4131 reliquis
705 4041 933 4110 collationibus
961 4041 1098 4107 mirifice
1125 4043 1246 4108 disere·

128 4161 261 4242 pentem,
292 4155 350 4220 ubi
377 4153 429 4217 vir
456 4150 647 4240 plerumque
671 4149 941 4237 diligentissimus
962 4171 1000 4214 eo
1022 4171 1177 4238 peccasse
1198 4149 1246 4214 vi-

129 4251 221 4344 detur,
253 4259 344 4348 qnod
373 4283 392 4326 e
419 4259 550 4326 silentio
578 4255 759 4325 collationis
785 4277 981 4324 consensum
1008 4277 1080 4321 cum
1109 4254 1245 4341 uulgata

127 4358 248 4434 lectione
271 4365 417 4452 collegit.

87 4451 93 4464 ’
196 4471 246 4540 De
281 4472 483 4562 Anthologia
512 4469 665 4537 Palatina
693 4481 725 4537 et
758 4472 799 4538 de
834 4464 1064 4538 collationibus
1098 4463 1246 4538 codicum
