2968 5060
234 393 304 442 .xlv
704 396 912 444 PRAEFATIO.

239 543 389 608 codicum
410 545 589 630 specimina
607 548 763 612 continet.
807 549 888 614 Inde
910 549 1006 615 fluxit
1024 549 1126 616 index
1145 553 1296 620 codicum
1316 555 1379 620 Pa-

238 651 414 716 risinorum
437 653 471 716 in
493 650 663 717 Duebneri
684 655 888 739 praefatione
911 657 952 721 ad
976 655 1116 722 Scholia.

457 833 492 925 §-
518 833 552 903 4.
604 831 659 904 De
685 832 847 925 Ziegleri
873 833 1148 910 collationibus.

324 971 469 1053 Quartus
499 977 725 1054 Chrsstopbones
747 979 900 1054 Zc'eolerns
923 977 959 1039 in
985 975 1150 1042 Theocriti
1177 978 1322 1044 editione
1345 1003 1376 1045 a.

241 1079 320 1144 1844
343 1079 455 1145 variae
476 1078 627 1145 lectionis
652 1081 762 1168 copias
790 1082 913 1168 insigni
936 1083 1136 1148 incremento
1159 1089 1262 1152 auxit.
1309 1085 1377 1167 Qui

237 1186 272 1250 in
295 1185 392 1252 Italia
413 1195 563 1252 versatus
584 1184 643 1250 hos
665 1187 795 1252 codices
817 1187 1017 1264 contulerat:

326 1293 357 1373 1)
374 1290 634 1358 Mediolanenses
651 1313 680 1356 α.
697 1299 726 1358 lc.
742 1305 774 1359 et
791 1297 826 1362 in
841 1317 867 1362 c.
882 1293 1020 1360 Theocr.
1039 1312 1111 1360 xnt.
1132 1311 1204 1360 xxa
1222 1295 1292 1362 Ine.
1311 1313 1374 1361 vn.

322 1399 357 1482 2)
375 1399 632 1464 Laurentianum
644 1422 679 1481 p.
696 1401 848 1490 (excepto
866 1413 976 1468 tamen
991 1401 1128 1468 Theocr.
1147 1409 1236 1487 xx.),
1252 1402 1375 1467 deinde

235 1503 315 1568 ins.
337 1502 474 1572 Theocr.
504 1524 576 1572 xva
598 1525 683 1572 xvn.
707 1523 807 1572 xvnr.
838 1531 900 1574 neo
919 1530 1041 1598 paucos
1064 1509 1264 1597 reliquorum
1287 1509 1374 1597 idyl-

236 1608 353 1676 liorum
376 1610 483 1696 locos,
505 1616 540 1680 in
556 1637 583 1678 r.
606 1613 674 1680 Ino.
697 1629 730 1678 v.

321 1719 356 1806 3)
384 1718 562 1786 Vaticanos
587 1733 614 1786 6.
640 1733 669 1785 8.
691 1733 715 1787 9.
743 1721 785 1786 11.
810 1735 871 1806 18„
897 1731 966 1788 tum
995 1725 1030 1787 in
1057 1737 1083 1787 5.
1111 1719 1371 1788 et19.'l¹heoer.

191 1875 198 1884 .
234 1841 352 1910 xvm.,
373 1829 408 1892 in
433 1839 479 1894 20.
502 1837 554 1892 sat
576 1827 709 1912 multos,
730 1831 765 1892 in
787 1840 833 1892 21.
855 1841 900 1894 22.
921 1851 1042 1917 paucos
1064 1829 1163 1894 locos.

320 1933 520 2000 Collationes
552 1937 623 2000 eius
650 1933 751 2001 multo
779 1938 998 2003 accuratiores
1021 1955 1118 2023 quam
1141 1931 1371 2000 Dorvillianae

235 2051 268 2106 et
288 2040 477 2123 (lollianae,
510 2051 543 2106 et
568 2041 684 2132 harum
717 2041 846 2108 demum
873 2066 933 2130 ope
955 2044 1086 2126 evenit,
1107 2050 1144 2105 ut
1164 2037 1205 2104 de
1227 2038 1370 2104 dialecto

234 2148 428 2214 Theocritea
446 2146 558 2234 paullo
578 2147 700 2212 certius
722 2138 860 2213 iudicari
882 2159 1003 2237 posset.
1040 2147 1260 2214 Nihilominus
1280 2145 1371 2210 haud

233 2275 338 2342 muca
359 2261 435 2318 sunt
455 2272 540 2338 quae
560 2251 737 2318 desideres.
782 2255 928 2320 Primum
948 2253 1029 2321 adeo
1048 2273 1159 2318 earum
1180 2253 1369 2332 lectionum,
1470 2277 1471 2350 l

234 2358 416 2446 dequibus
440 2357 561 2423 diserto
592 2361 778 2426 testimonio
807 2359 966 2442 affirmat,
997 2361 1079 2425 fides
1104 2360 1307 2445 aliquantum
1329 2380 1370 2422 eo

232 2467 395 2548 elevatur,
423 2463 512 2552 quod
538 2464 711 2553 aliquoties
736 2487 753 2531 e
782 2466 976 2532 schedarum
999 2485 1129 2530 suanno
1159 2463 1289 2530 silentio
1311 2485 1369 2550 pa-

233 2593 304 2637 rum
325 2579 418 2636 caute
435 2571 592 2639 lectiones
610 2572 747 2638 linxisse
769 2573 1033 2661 deprehenditur.
1077 2568 1174 2636 Nullo
1195 2571 1283 2634 enim
1301 2569 1369 2634 alio

232 2677 328 2743 modo
351 2677 473 2742 factum
491 2698 564 2742 esse
585 2687 706 2764 potest,
729 2681 815 2766 quod
837 2677 1091 2760 adTheocr.'11,
1113 2680 1143 2742 3.
1166 2685 1199 2741 et
1220 2692 1298 2759 xm,
1314 2677 1368 2740 68.

233 2785 283 2847 72.
315 2781 377 2871 [71.
407 2783 470 2871 lb]
501 2807 518 2848 e
545 2785 620 2850 Vat.
647 2789 678 2850 9.
709 2787 867 2852 lectiones
894 2785 1007 2867 affert,
1038 2804 1102 2871 quo
1136 2785 1171 2847 in
1195 2781 1280 2846 libro
1311 2801 1368 2844 eas
1469 2773 1470 2826 l

231 2897 343 2975 partes
356 2888 473 2954 deesse
486 2890 540 2956 vel
558 2892 662 2979 ipsius
679 2894 864 2959 testimonio
879 2901 1016 2958 constet.
1054 2889 1168 2976 Neque
1185 2887 1290 2954 solum
1305 2886 1369 2950 hac

232 3017 332 3060 causa
352 2997 573 3062 intercedente
588 2999 775 3084 Zieglerum
790 3019 905 3086 parum
924 3008 1012 3064 recte
1030 2997 1071 3062 de
1088 2995 1237 3062 codicum
1254 2994 1367 3058 lectio-

231 3098 329 3162 nibus
350 3101 516 3186 retulisse,
545 3104 603 3168 ubi
625 3103 716 3169 nulla
739 3107 919 3192 scripturae
939 3105 1137 3190 ambiguitas
1160 3122 1233 3166 esse
1255 3097 1368 3163 videa-

230 3213 294 3288 tur,
314 3207 367 3272 hic
385 3229 450 3274 uno
470 3211 649 3296 insigniore
668 3212 818 3298 exemplo
833 3209 1076 3278 demonstrabo.
1121 3208 1162 3272 ln
1181 3204 1319 3269 Theocr.
1340 3207 1367 3284 Ι,

232 3314 302 3378 115.
315 3313 411 3404 [130.]
434 3338 492 3403 pro
515 3315 606 3404 vulg.
619 3308 737 3382 ’Ἅιδαν
758 3327 887 3404 praeter
909 3315 1075 3382 Iuntinam
1096 3323 1179 3380 teste
1200 3308 1367 3376 Dorvillio

231 3439 315 3484 unus
346 3421 451 3486 codex
477 3445 502 3487 s.
530 3425 736 3490 verissimam
765 3422 937 3490 lectionem
954 3417 1066 3499 ’Ἄϊδος
1095 3419 1245 3511 praebet,
1278 3415 1367 3480 idem

230 3523 380 3611 Zieglero
403 3537 534 3594 auctore
557 3521 664 3593 ἅϊᾶαν.
709 3533 756 3595 At
775 3530 1015 3614 Bethmannus,
1036 3532 1087 3596 vir
1108 3545 1252 3594 summae
1276 3521 1365 3602 fidei,

230 3633 287 3718 qui
313 3653 365 3698 me
392 3643 530 3720 rogante
558 3633 666 3700 locum
692 3637 852 3722 inspexit,
881 3635 1026 3701 affirmat
1052 3628 1143 3699 atc⁰
1172 3631 1255 3716 legi,
1285 3629 1307 3692 i.
1336 3649 1364 3691 e.

228 3729 324 3813 olidos
345 3760 403 3826 per
424 3737 553 3805 solitam
572 3738 864 3806 abbreviationem.

314 3844 444 3912 Deinde
461 3845 580 3912 multas
600 3844 757 3913 lectiones
775 3847 996 3934 discrepantes
1017 3846 1205 3932 aZieglero
1225 3841 1365 3909 omissas

229 3971 301 4016 esse
323 3949 376 4016 vel
395 3951 629 4018 Sanctamandi
643 3963 676 4018 et
692 3951 849 4018 Dorvillii
866 3952 1058 4019 collationes
1075 3952 1203 4032 docent,
1220 3947 1365 4014 mammo

228 4077 271 4121 ex
293 4055 364 4121 cod.
379 4079 427 4139 μ,
450 4057 508 4123 uhi
529 4058 661 4125 illarum
678 4079 872 4142 consensus,
894 4060 1069 4124 accedente
1090 4059 1224 4146 insuper
1246 4077 1365 4140 cogna-

227 4173 334 4229 torum
365 4161 522 4230 librorum
551 4167 755 4248 testimonio,
791 4187 888 4252 saepe
915 4165 1144 4250 Zieglerianao
1178 4161 1365 4228 collationis

227 4270 392 4351 defectum
414 4273 533 4356 arguit.
578 4270 671 4336 Idem
693 4279 829 4358 apparet
851 4293 868 4334 e
888 4269 1117 4336 collationibus
1139 4290 1266 4334 summa
1285 4287 1365 4331 cura

227 4377 262 4440 in
282 4397 391 4440 meum
413 4397 508 4442 usum
526 4375 640 4458 factis,
663 4384 824 4463 quatenus
848 4377 1012 4461 pertinent
1032 4375 1076 4440 ad
1095 4383 1206 4461 partes
1225 4373 1324 4438 etiam
1345 4393 1365 4434 a

226 4479 378 4566 Zieglero
400 4481 537 4547 collatas
543 4530 553 4565 ‚
577 4481 775 4566 Theocr.11‚
799 4485 913 4546 5—40.
936 4481 971 4545 in
993 4480 1064 4546 cod.
1087 4491 1131 4563 9.,
1153 4478 1291 4544 Theocr.
1315 4493 1362 4542 1v.
