2980 5048
581 391 789 442 enarrarre.
1030 451 1040 462 ,
1196 393 1269 445 xuv

120 563 391 629 commemoravit
414 565 451 630 in
473 565 682 630 adnotatione
698 566 739 630 ad
758 565 946 630 Cornutum.
993 565 1269 654 Wnestemaqnus

120 666 240 732 codicis
267 665 454 753 specimine
477 676 609 752 accepto
636 688 709 730 eum
732 667 857 755 sprevit
878 679 1033 754 tanquam
1059 667 1179 732 nullius
1199 689 1269 756 pre·

118 767 165 831 tii.
209 766 353 832 Veriore
372 768 502 854 judicio
522 791 601 832 usus
623 767 767 834 Adortus
790 779 945 858 excerpta
963 793 1006 836 ox
1026 770 1087 834 hoe
1108 768 1192 834 libro
1213 793 1269 857 pu-

121 870 196 934 blici
220 871 313 956 juris
343 869 424 934 feeit
452 893 482 934 a.
511 873 609 952 1843,
639 870 706 933 vid.
735 873 765 951 ξ.
792 876 818 934 1.
848 871 923 958 lpse
954 874 1017 937 viri
1042 871 1268 938 humanissimi

120 971 282 1037 beneficio
306 973 439 1057 integra
463 972 636 1038 collatione
664 994 743 1038 usus
769 995 840 1036 sum
870 973 1048 1038 seeundum
1076 973 1271 1060 Kiesslingii
1361 1038 1364 1046 Α

120 1073 334 1154 collationem
356 1081 423 1137 tam
446 1073 621 1158 diligenter
639 1074 715 1142 olim
732 1075 835 1158 faeta,
858 1083 896 1139 ut
913 1080 1104 1164 plerumque
1119 1097 1178 1163 pro
1194 1099 1270 1163 apo·

120 1175 249 1262 grapho
272 1175 326 1240 sit.

332 1296 541 1349 Germanici.

209 1381 340 1462 Lips.“·]
363 1377 415 1442 vel
428 1383 510 1459 Lips.
533 1379 638 1444 Tenet
654 1380 777 1446 scholia
794 1381 986 1467 marginalia
1001 1383 1044 1447 ad
1057 1383 1104 1446 Id.
1122 1401 1143 1446 ῐ.
1160 1381 1271 1464 multa,

121 1483 156 1546 in
177 1481 320 1568 reliquis
343 1497 498 1544 lt—vnl.
519 1483 683 1568 pauciora.
729 1483 841 1568 Usque
859 1483 900 1548 ad
924 1501 951 1566 1,
974 1487 1024 1549 tt.
1048 1484 1199 1550 lemmata
1222 1507 1272 1548 ru-

121 1583 183 1648 bro
203 1585 313 1671 picta3
330 1585 364 1646 in
388 1581 521 1669 reliquis
543 1604 617 1648 raro
635 1592 706 1647 atro
729 1585 864 1670 scripta,
887 1587 1075 1673 plerumque
1099 1588 1203 1671 spatio
1223 1609 1271 1650 re·

123 1685 201 1750 licto
230 1685 365 1750 omissa.
411 1683 550 1749 Glossae
577 1685 803 1748 interlineares
826 1687 868 1750 ad
898 1688 994 1752 Id.1.
1022 1687 1132 1751 nullae
1160 1695 1273 1750 extant

123 1795 359 1873 praeterquam
380 1785 421 1848 ad
446 1809 496 1850 vs.
524 1789 644 1852 1-28.
666 1808 765 1851 manu
787 1790 967 1853 recentiore
987 1789 1142 1884 scriptae,
1162 1788 1204 1852 ad
1227 1811 1273 1853 re·

124 1889 217 1976 liqna
234 1887 384 1951 carmina
405 1887 537 1952 multae.
582 1887 818 1972 Prolegomena
838 1890 880 1955 ab
902 1889 968 1953 alia
982 1911 1081 1954 manu
1103 1891 1224 1978 scripta
1239 1891 1273 1954 in

128 1989 219 2054 loliis
245 1989 402 2076 praefixis
425 1989 594 2073 leguntur,
618 2012 756 2077 quorum
780 1994 865 2077 parti
888 1991 1025 2056 Maximi
1047 1992 1205 2057 Planudis
1230 1993 1273 2056 si-

124 2091 215 2176 glam
250 2091 418 2173 additum,
446 2091 513 2155 vid.
548 2115 578 2178 p.
606 2093 642 2174 8,
672 2095 741 2167 22,
762 2091 972 2180 Hypotheses
1000 2093 1119 2158 desunt
1145 2103 1275 2180 praeter

125 2196 173 2280 pr'
188 2216 266 2258 nam
285 2191 532 2278 prolegomenis
556 2195 691 2257 mixtam
713 2203 746 2258 et
768 2197 898 2260 tertiam
921 2217 1023 2282 aeque
1039 2195 1080 2259 ab
1095 2193 1162 2260 alia
1176 2215 1273 2258 manu

123 2295 284 2359 additam.
331 2293 484 2358 Ceterum
513 2294 597 2360 liber
623 2297 701 2360 satis
730 2297 834 2360 nitide
861 2305 894 2360 et
920 2295 1090 2360 emendate
1113 2296 1273 2383 seriptus3
1300 2295 1311 2316 '
1370 2282 1374 2292 ’

125 2401 158 2462 in
183 2397 353 2482 superiore
376 2405 470 2482 parte
493 2395 643 2462 soliorum
666 2399 783 2484 partim
806 2397 933 2461 litterae
955 2397 1148 2462 humiditate
1164 2399 1273 2484 evani-

124 2499 198 2562 dae.
245 2495 402 2562 Codieem
427 2497 505 2562 olim
523 2521 543 2562 a
564 2498 701 2563 Reiskio
724 2497 902 2564 delibatum
927 2501 996 2586 ipse
1022 2499 1196 2585 diligenter
1218 2521 1272 2563 ex·

123 2600 231 2679 cassi,
255 2621 354 2686 quum
375 2597 568 2664 Naumanno
587 2601 657 2665 viro
675 2602 907 2667 humanissimo
924 2603 1098 2688 interprete
1114 2623 1134 2666 a
1151 2601 1290 2699 Senatu·

121 2701 292 2788 Lipsiensi
315 2700 497 2765 liberaliter
515 2702 595 2765 meis
619 2701 770 2783 precibus
792 2725 965 2768 concessus
987 2713 1090 2768 esset:

159 2837 165 2846 ·
211 2805 337 2886 Laud]
384 2800 515 2866 Scholia
542 2811 632 2867 tenet
659 2811 742 2866 teste
763 2803 929 2870 Loesnero
955 2805 997 2869 ad
1017 2804 1151 2870 llesiod.
1174 2829 1205 2891 p.
1228 2821 1273 2884 v.,

124 2904 215 2968 unde
233 2905 434 2990 paucissima
457 2903 604 2988 cognita,
626 2903 692 2968 vid.
714 2903 757 2968 ad
779 2905 895 2971 Id.v1.
917 2908 985 2970 init.
1007 2895 1011 2902 ¹

332 3024 553 3076 lacertorum
576 3024 742 3079 locorum.

153 3101 157 3110 ’
212 3109 285 3190 Ina]
309 3107 378 3171 vid.
400 3104 440 3169 T.
465 3121 478 3168 1
499 3129 531 3192 p.
554 3122 648 3170 XMV.

213 3211 329 3292 Samo]
376 3207 491 3274 Codex
514 3217 663 3296 vetustus
684 3209 863 3292 Sambuei‚'
883 3210 970 3274 unde
999 3231 1120 3296 paneas
1147 3210 1275 3295 glossas

123 3311 286 3376 Reiskius
309 3309 420 3374 attulit
442 3309 619 3374 seeundum
645 3309 868 3377 adnotatorem
893 3309 1141 3374 vimariensem.

213 3413 310 3495 Stoa]
334 3411 504 3492 Quasdam
527 3433 569 3476 ex
592 3411 723 3476 scholiis
746 3421 778 3476 ot
801 3412 922 3498 glossis
941 3411 1038 3496 hujus
1063 3409 1185 3476 codicis
1207 3413 1276 3476 Sto-

123 3517 216 3603 piani
250 3514 293 3578 ab
324 3513 519 3578 adnotatore
552 3512 748 3578 Vimariensi
786 3522 919 3579 enotata
954 3512 1090 3601 protulit
1120 3512 1276 3580 Reiskius

123 3616 303 3702 Volup.
330 3619 377 3678 17.

21 3726 25 3736 '
195 3716 311 3805 ·Vr'm.]
354 3714 483 3800 ibidem
508 3715 664 3780 Reiskius
690 3715 772 3780 alias
797 3717 923 3800 glossas
947 3717 1091 3783 Graecas
1121 3719 1162 3784 ab
1191 3719 1276 3785 Adn.

125 3823 212 3885 vim.
235 3823 308 3885 sine
332 3817 417 3904 siglo
439 3817 607 3904 appositas
630 3820 822 3905 exscripsit,
847 3841 982 3906 quarum
1004 3841 1074 3902 eas,
1097 3843 1181 3908 quae
1204 3829 1280 3886 sunt

125 3923 171 3988 ad
190 3923 241 3987 ld.
256 3936 419 4001 l—xvt1.,
437 3941 479 3982 ex
501 3917 611 4004 aliquo
634 3920 768 4006 antiquo
787 3920 899 3986 codiee
921 3943 1072 3986 manasse
1094 3922 1278 4008 glossarum
1347 3989 1373 4018 κ

126 4024 261 4090 aliunde
285 4022 490 4112 cognitarum
519 4021 717 4106 comparatio
745 4022 878 4086 evincit.
924 4020 1048 4086 Contra
1078 4023 1208 4108 glossae
1238 4023 1280 4087 ad
1308 4068 1312 4084 .
1374 4015 1378 4025 ⁸

126 4126 256 4213 reliqua
277 4123 480 4209 pertinentes
501 4123 692 4186 recentioris
715 4123 852 4207 originis
872 4145 944 4187 ease
964 4123 1116 4189 videntur
1138 4147 1203 4187 non
1221 4115 1279 4186 rni-

127 4249 190 4292 nus
219 4247 319 4314 quam
343 4245 426 4310 quae
452 4223 572 4288 ibidem
601 4221 727 4286 Fulvii·
741 4223 854 4288 Ursini
878 4223 996 4308 sigium
1019 4225 1204 4310 appositum
1225 4223 1279 4285 lra-

127 4329 224 4410 bent,
255 4347 359 4414 quare
381 4329 459 4389 haec
482 4325 662 4389 omisimus.
714 4323 885 4403 Quaedam
910 4345 952 4388 ex
975 4323 1058 4390 libro
1083 4322 1290 4424 Vimariensis

130 4429 288 4494 Reiskius
310 4427 420 4513 potius
442 4426 475 4490 in
497 4425 718 4490 Adnotatione
740 4425 1016 4494 commemoravit.
