<?xml version="1.0" encoding="UTF-8"?>
<!DOCTYPE html PUBLIC "-//W3C//DTD XHTML 1.0 Transitional//EN"
    "http://www.w3.org/TR/xhtml1/DTD/xhtml1-transitional.dtd">
<html xmlns="http://www.w3.org/1999/xhtml" xml:lang="en" lang="en">
 <head>
  <title>
</title>
<meta http-equiv="Content-Type" content="text/html;charset=utf-8" />
  <meta name='ocr-system' content='tesseract 3.04.00' />
  <meta name='ocr-capabilities' content='ocr_page ocr_carea ocr_par ocr_line ocrx_word'/>
</head>
<body>
  <div class='ocr_page' id='page_1' title='image "./bucolicorumgrae00theogoog_0045.png"; bbox 0 0 2968 5060; ppageno 0'>
   <div class='ocr_carea' id='block_1_1' title="bbox 212 375 878 438">
    <p class='ocr_par' dir='ltr' id='par_1_1' title="bbox 212 375 878 438">
     <span class='ocr_line' id='line_1_1' title="bbox 212 375 878 438; baseline -0.008 -1"><span class='ocrx_word' id='word_1_1' title='bbox 212 391 254 438; x_wconf 78' lang='lat' dir='ltr'><strong>ru</strong></span> <span class='ocrx_word' id='word_1_2' title='bbox 349 375 353 386; x_wconf 88' lang='lat'>&#39;</span> <span class='ocrx_word' id='word_1_3' title='bbox 669 383 878 432; x_wconf 69' lang='lat' dir='ltr'><strong>ranarum.</strong></span> 
     </span>
    </p>
   </div>
   <div class='ocr_carea' id='block_1_2' title="bbox 210 527 1473 818">
    <p class='ocr_par' dir='ltr' id='par_1_2' title="bbox 210 527 1473 818">
     <span class='ocr_line' id='line_1_2' title="bbox 210 527 1472 622; baseline -0.005 -16"><span class='ocrx_word' id='word_1_4' title='bbox 210 541 304 606; x_wconf 90' lang='lat' dir='ltr'><strong>Bion.</strong></span> <span class='ocrx_word' id='word_1_5' title='bbox 327 557 350 602; x_wconf 91' lang='lat'><strong>1.</strong></span> <span class='ocrx_word' id='word_1_6' title='bbox 373 544 441 602; x_wconf 85' lang='lat' dir='ltr'><strong>Ine.</strong></span> <span class='ocrx_word' id='word_1_7' title='bbox 464 555 487 600; x_wconf 87' lang='lat'><strong>1.</strong></span> <span class='ocrx_word' id='word_1_8' title='bbox 511 553 584 600; x_wconf 85' lang='lat' dir='ltr'><strong>vn1.</strong></span> <span class='ocrx_word' id='word_1_9' title='bbox 592 585 601 618; x_wconf 92' lang='lat'><strong>,</strong></span> <span class='ocrx_word' id='word_1_10' title='bbox 629 538 657 600; x_wconf 93' lang='lat' dir='ltr'><strong>si</strong></span> <span class='ocrx_word' id='word_1_11' title='bbox 680 535 812 622; x_wconf 89' lang='lat' dir='ltr'><strong>quidem</strong></span> <span class='ocrx_word' id='word_1_12' title='bbox 835 533 1097 600; x_wconf 87' lang='lat' dir='ltr'><strong>Sauetamandus</strong></span> <span class='ocrx_word' id='word_1_13' title='bbox 1121 534 1203 599; x_wconf 87' lang='lat' dir='ltr'><strong>haec</strong></span> <span class='ocrx_word' id='word_1_14' title='bbox 1226 538 1339 600; x_wconf 87' lang='lat' dir='ltr'><strong>canni-</strong></span> <span class='ocrx_word' id='word_1_15' title='bbox 1471 527 1472 542; x_wconf 51' lang='lat'><em>³</em></span> 
     </span>
     <span class='ocr_line' id='line_1_3' title="bbox 211 639 1473 730; baseline -0.002 -18"><span class='ocrx_word' id='word_1_16' title='bbox 211 671 254 712; x_wconf 88' lang='lat' dir='ltr'><strong>na</strong></span> <span class='ocrx_word' id='word_1_17' title='bbox 277 643 472 711; x_wconf 76' lang='lat' dir='ltr'>contulerat.</span> <span class='ocrx_word' id='word_1_18' title='bbox 524 641 714 707; x_wconf 85' lang='lat' dir='ltr'><strong>Brunckius</strong></span> <span class='ocrx_word' id='word_1_19' title='bbox 739 641 783 705; x_wconf 89' lang='lat' dir='ltr'><strong>ad</strong></span> <span class='ocrx_word' id='word_1_20' title='bbox 810 639 971 729; x_wconf 78' lang='lat' dir='ltr'><strong>quaedam</strong></span> <span class='ocrx_word' id='word_1_21' title='bbox 1006 644 1152 708; x_wconf 87' lang='lat' dir='ltr'><strong>carmina</strong></span> <span class='ocrx_word' id='word_1_22' title='bbox 1185 643 1341 710; x_wconf 78' lang='lat' dir='ltr'><strong>harcheri</strong></span> <span class='ocrx_word' id='word_1_23' title='bbox 1472 707 1473 730; x_wconf 56' lang='lat'><strong>,</strong></span> 
     </span>
     <span class='ocr_line' id='line_1_4' title="bbox 211 731 1473 818; baseline -0.002 -1"><span class='ocrx_word' id='word_1_24' title='bbox 211 752 384 818; x_wconf 90' lang='lat' dir='ltr'><strong>collatione</strong></span> <span class='ocrx_word' id='word_1_25' title='bbox 406 772 485 814; x_wconf 85' lang='lat' dir='ltr'><strong>usus</strong></span> <span class='ocrx_word' id='word_1_26' title='bbox 508 758 568 814; x_wconf 86' lang='lat' dir='ltr'><strong>est.</strong></span> <span class='ocrx_word' id='word_1_27' title='bbox 613 748 813 812; x_wconf 87' lang='lat' dir='ltr'><strong>Duebuerus</strong></span> <span class='ocrx_word' id='word_1_28' title='bbox 835 747 871 810; x_wconf 92' lang='lat' dir='ltr'><strong>in</strong></span> <span class='ocrx_word' id='word_1_29' title='bbox 892 745 1032 813; x_wconf 89' lang='lat' dir='ltr'><strong>Ameisii</strong></span> <span class='ocrx_word' id='word_1_30' title='bbox 1063 769 1159 812; x_wconf 92' lang='lat' dir='ltr'><strong>usum</strong></span> <span class='ocrx_word' id='word_1_31' title='bbox 1195 747 1290 814; x_wconf 90' lang='lat' dir='ltr'><strong>Bion.</strong></span> <span class='ocrx_word' id='word_1_32' title='bbox 1316 769 1340 814; x_wconf 92' lang='lat'><strong>1.</strong></span> <span class='ocrx_word' id='word_1_33' title='bbox 1472 731 1473 758; x_wconf 51' lang='lat'><em>³</em></span> 
     </span>
    </p>
   </div>
   <div class='ocr_carea' id='block_1_3' title="bbox 214 852 1339 944">
    <p class='ocr_par' dir='ltr' id='par_1_3' title="bbox 214 852 1339 944">
     <span class='ocr_line' id='line_1_5' title="bbox 214 852 1339 944; baseline 0.003 -24"><span class='ocrx_word' id='word_1_34' title='bbox 214 857 280 921; x_wconf 86' lang='lat' dir='ltr'><strong>[nc.</strong></span> <span class='ocrx_word' id='word_1_35' title='bbox 304 873 333 920; x_wconf 73' lang='lat'><strong>1:</strong></span> <span class='ocrx_word' id='word_1_36' title='bbox 350 873 396 920; x_wconf 84' lang='lat' dir='ltr'><strong>vt.</strong></span> <span class='ocrx_word' id='word_1_37' title='bbox 420 874 495 921; x_wconf 77' lang='lat' dir='ltr'><strong>vin.</strong></span> <span class='ocrx_word' id='word_1_38' title='bbox 519 855 670 936; x_wconf 87' lang='lat' dir='ltr'><strong>contulit,</strong></span> <span class='ocrx_word' id='word_1_39' title='bbox 691 853 819 940; x_wconf 90' lang='lat' dir='ltr'><strong>reliqua</strong></span> <span class='ocrx_word' id='word_1_40' title='bbox 837 852 1065 938; x_wconf 80' lang='lat' dir='ltr'><strong>perlustravit,</strong></span> <span class='ocrx_word' id='word_1_41' title='bbox 1093 853 1214 939; x_wconf 91' lang='lat' dir='ltr'><strong>quibus</strong></span> <span class='ocrx_word' id='word_1_42' title='bbox 1237 859 1339 944; x_wconf 91' lang='lat' dir='ltr'><strong>copiis</strong></span> 
     </span>
    </p>
   </div>
   <div class='ocr_carea' id='block_1_4' title="bbox 212 956 1474 1045">
    <p class='ocr_par' dir='ltr' id='par_1_4' title="bbox 212 956 1474 1045">
     <span class='ocr_line' id='line_1_6' title="bbox 212 956 1474 1045; baseline 0 -19"><span class='ocrx_word' id='word_1_43' title='bbox 212 983 290 1026; x_wconf 91' lang='lat' dir='ltr'><strong>usus</strong></span> <span class='ocrx_word' id='word_1_44' title='bbox 313 984 401 1045; x_wconf 72' lang='lat' dir='ltr'><strong>sum,</strong></span> <span class='ocrx_word' id='word_1_45' title='bbox 422 961 541 1028; x_wconf 90' lang='lat' dir='ltr'><strong>deinde</strong></span> <span class='ocrx_word' id='word_1_46' title='bbox 561 982 635 1024; x_wconf 89' lang='lat' dir='ltr'><strong>mea</strong></span> <span class='ocrx_word' id='word_1_47' title='bbox 653 961 761 1044; x_wconf 85' lang='lat' dir='ltr'><strong>gratia</strong></span> <span class='ocrx_word' id='word_1_48' title='bbox 787 957 926 1023; x_wconf 86' lang='lat' dir='ltr'><strong>Theocr.</strong></span> <span class='ocrx_word' id='word_1_49' title='bbox 956 973 1055 1020; x_wconf 82' lang='lat' dir='ltr'><strong>xvln.</strong></span> <span class='ocrx_word' id='word_1_50' title='bbox 1083 956 1179 1026; x_wconf 90' lang='lat' dir='ltr'>Bion.</span> <span class='ocrx_word' id='word_1_51' title='bbox 1202 981 1226 1026; x_wconf 92' lang='lat'><strong>1.</strong></span> <span class='ocrx_word' id='word_1_52' title='bbox 1248 985 1340 1028; x_wconf 89' lang='lat' dir='ltr'><strong>accu-</strong></span> <span class='ocrx_word' id='word_1_53' title='bbox 1473 1039 1474 1042; x_wconf 8' lang='grc' dir='ltr'><strong>Ἴ</strong></span> 
     </span>
    </p>
   </div>
   <div class='ocr_carea' id='block_1_5' title="bbox 211 1061 1342 1682">
    <p class='ocr_par' dir='ltr' id='par_1_5' title="bbox 211 1061 1341 1258">
     <span class='ocr_line' id='line_1_7' title="bbox 211 1061 1341 1153; baseline 0 -20"><span class='ocrx_word' id='word_1_54' title='bbox 211 1069 376 1133; x_wconf 83' lang='lat' dir='ltr'><strong>ratissima</strong></span> <span class='ocrx_word' id='word_1_55' title='bbox 413 1067 573 1148; x_wconf 79' lang='lat' dir='ltr'>excussit,</span> <span class='ocrx_word' id='word_1_56' title='bbox 611 1065 652 1129; x_wconf 91' lang='lat' dir='ltr'><strong>de</strong></span> <span class='ocrx_word' id='word_1_57' title='bbox 683 1063 795 1129; x_wconf 88' lang='lat' dir='ltr'><strong>multis</strong></span> <span class='ocrx_word' id='word_1_58' title='bbox 829 1061 1029 1151; x_wconf 89' lang='lat' dir='ltr'><strong>reliquorum</strong></span> <span class='ocrx_word' id='word_1_59' title='bbox 1062 1063 1143 1130; x_wconf 88' lang='lat' dir='ltr'><strong>locis</strong></span> <span class='ocrx_word' id='word_1_60' title='bbox 1171 1069 1341 1153; x_wconf 81' lang='lat' dir='ltr'><strong>quaerenti</strong></span> 
     </span>
     <span class='ocr_line' id='line_1_8' title="bbox 211 1157 709 1258; baseline 0 -22"><span class='ocrx_word' id='word_1_61' title='bbox 211 1171 391 1258; x_wconf 88' lang='lat' dir='ltr'><strong>respoudit.</strong></span> <span class='ocrx_word' id='word_1_62' title='bbox 706 1157 709 1164; x_wconf 41' lang='lat'><strong><em>⁴</em></strong></span> 
     </span>
    </p>

    <p class='ocr_par' dir='ltr' id='par_1_6' title="bbox 212 1275 1342 1682">
     <span class='ocr_line' id='line_1_9' title="bbox 297 1275 1340 1360; baseline 0.003 -20"><span class='ocrx_word' id='word_1_63' title='bbox 297 1279 359 1359; x_wconf 78' lang='lat' dir='ltr'><strong><em>N¹·]</em></strong></span> <span class='ocrx_word' id='word_1_64' title='bbox 389 1305 433 1332; x_wconf 98' lang='lat'>=</span> <span class='ocrx_word' id='word_1_65' title='bbox 453 1275 494 1342; x_wconf 88' lang='lat' dir='ltr'><strong>N.</strong></span> <span class='ocrx_word' id='word_1_66' title='bbox 517 1276 604 1341; x_wconf 87' lang='lat' dir='ltr'><strong>Gail.</strong></span> <span class='ocrx_word' id='word_1_67' title='bbox 634 1313 677 1325; x_wconf 89' lang='lat'><em>-</em></span> <span class='ocrx_word' id='word_1_68' title='bbox 704 1275 785 1360; x_wconf 84' lang='lat' dir='ltr'><strong>Reg.</strong></span> <span class='ocrx_word' id='word_1_69' title='bbox 813 1298 863 1339; x_wconf 91' lang='lat' dir='ltr'><strong>nr.</strong></span> <span class='ocrx_word' id='word_1_70' title='bbox 893 1276 987 1339; x_wconf 90' lang='grc'><strong>2833.</strong></span> <span class='ocrx_word' id='word_1_71' title='bbox 1009 1275 1146 1341; x_wconf 84' lang='lat' dir='ltr'><strong>membr.</strong></span> <span class='ocrx_word' id='word_1_72' title='bbox 1173 1297 1239 1343; x_wconf 86' lang='lat' dir='ltr'><strong>sec.</strong></span> <span class='ocrx_word' id='word_1_73' title='bbox 1270 1297 1340 1344; x_wconf 83' lang='lat' dir='ltr'><strong>xvl.</strong></span> 
     </span>
     <span class='ocr_line' id='line_1_10' title="bbox 216 1379 1341 1469; baseline 0.003 -25"><span class='ocrx_word' id='word_1_74' title='bbox 216 1381 391 1447; x_wconf 91' lang='lat' dir='ltr'><strong>Duebncro</strong></span> <span class='ocrx_word' id='word_1_75' title='bbox 422 1382 504 1469; x_wconf 92' lang='lat' dir='ltr'><strong>(see.</strong></span> <span class='ocrx_word' id='word_1_76' title='bbox 530 1399 588 1446; x_wconf 77' lang='lat' dir='ltr'><strong>XV.</strong></span> <span class='ocrx_word' id='word_1_77' title='bbox 620 1382 772 1446; x_wconf 83' lang='lat' dir='ltr'><strong>excuntis</strong></span> <span class='ocrx_word' id='word_1_78' title='bbox 801 1379 924 1464; x_wconf 75' lang='lat' dir='ltr'><strong>catal,</strong></span> <span class='ocrx_word' id='word_1_79' title='bbox 955 1403 1020 1446; x_wconf 90' lang='lat' dir='ltr'><strong>sec.</strong></span> <span class='ocrx_word' id='word_1_80' title='bbox 1045 1398 1117 1446; x_wconf 85' lang='lat' dir='ltr'><strong>x1v.</strong></span> <span class='ocrx_word' id='word_1_81' title='bbox 1145 1381 1279 1447; x_wconf 88' lang='lat' dir='ltr'><strong>Duebn.</strong></span> <span class='ocrx_word' id='word_1_82' title='bbox 1301 1383 1341 1448; x_wconf 91' lang='lat' dir='ltr'><strong>ad</strong></span> 
     </span>
     <span class='ocr_line' id='line_1_11' title="bbox 212 1486 1338 1577; baseline 0 -26"><span class='ocrx_word' id='word_1_83' title='bbox 212 1486 332 1552; x_wconf 86' lang='lat' dir='ltr'><strong>Scholl</strong></span> <span class='ocrx_word' id='word_1_84' title='bbox 367 1511 399 1574; x_wconf 91' lang='lat' dir='ltr'><strong>p.</strong></span> <span class='ocrx_word' id='word_1_85' title='bbox 434 1506 508 1552; x_wconf 80' lang='lat' dir='ltr'><strong>vni.</strong></span> <span class='ocrx_word' id='word_1_86' title='bbox 546 1488 745 1577; x_wconf 88' lang='lat' dir='ltr'><strong>sphalmate,</strong></span> <span class='ocrx_word' id='word_1_87' title='bbox 785 1497 822 1552; x_wconf 92' lang='lat' dir='ltr'><strong>ut</strong></span> <span class='ocrx_word' id='word_1_88' title='bbox 849 1486 1012 1573; x_wconf 87' lang='lat' dir='ltr'><strong>videtur),</strong></span> <span class='ocrx_word' id='word_1_89' title='bbox 1049 1489 1126 1552; x_wconf 89' lang='lat' dir='ltr'><strong>olim</strong></span> <span class='ocrx_word' id='word_1_90' title='bbox 1158 1488 1338 1554; x_wconf 86' lang='lat' dir='ltr'><strong>Mediceus.</strong></span> 
     </span>
     <span class='ocr_line' id='line_1_12' title="bbox 215 1587 1342 1682; baseline 0.002 -24"><span class='ocrx_word' id='word_1_91' title='bbox 215 1597 337 1658; x_wconf 77' lang='lat' dir='ltr'><strong>Theocr.</strong></span> <span class='ocrx_word' id='word_1_92' title='bbox 357 1600 449 1658; x_wconf 84' lang='lat' dir='ltr'><strong>I-X</strong></span> <span class='ocrx_word' id='word_1_93' title='bbox 453 1602 549 1679; x_wconf 80' lang='lat' dir='ltr'><em>VIII,</em></span> <span class='ocrx_word' id='word_1_94' title='bbox 568 1595 779 1682; x_wconf 85' lang='lat' dir='ltr'><strong>deindepost</strong></span> <span class='ocrx_word' id='word_1_95' title='bbox 799 1593 938 1680; x_wconf 87' lang='lat' dir='ltr'><strong>hymnos</strong></span> <span class='ocrx_word' id='word_1_96' title='bbox 951 1594 1143 1660; x_wconf 88' lang='lat' dir='ltr'><strong>Homericos</strong></span> <span class='ocrx_word' id='word_1_97' title='bbox 1157 1593 1240 1680; x_wconf 73' lang='lat' dir='ltr'>(N³·)</span> <span class='ocrx_word' id='word_1_98' title='bbox 1264 1587 1342 1660; x_wconf 87' lang='grc' dir='ltr'><strong>Μό-</strong></span> 
     </span>
    </p>
   </div>
   <div class='ocr_carea' id='block_1_6' title="bbox 211 1693 1477 1800">
    <p class='ocr_par' dir='ltr' id='par_1_7' title="bbox 211 1693 1477 1800">
     <span class='ocr_line' id='line_1_13' title="bbox 211 1693 1477 1800; baseline 0.002 -38"><span class='ocrx_word' id='word_1_99' title='bbox 211 1715 294 1781; x_wconf 79' lang='grc' dir='ltr'><em>σχου</em></span> <span class='ocrx_word' id='word_1_100' title='bbox 310 1693 418 1783; x_wconf 76' lang='grc' dir='ltr'><strong><em>Ἔρως</em></strong></span> <span class='ocrx_word' id='word_1_101' title='bbox 440 1699 614 1786; x_wconf 76' lang='grc' dir='ltr'><strong><em>δραπέτης.</em></strong></span> <span class='ocrx_word' id='word_1_102' title='bbox 657 1700 723 1765; x_wconf 85' lang='lat' dir='ltr'><strong>Hic</strong></span> <span class='ocrx_word' id='word_1_103' title='bbox 750 1709 800 1764; x_wconf 87' lang='lat' dir='ltr'><strong>est</strong></span> <span class='ocrx_word' id='word_1_104' title='bbox 821 1699 991 1764; x_wconf 82' lang='lat' dir='ltr'><strong>Parisinus</strong></span> <span class='ocrx_word' id='word_1_105' title='bbox 1017 1698 1225 1782; x_wconf 83' lang='lat' dir='ltr'><strong>Ruhnkcuii,</strong></span> <span class='ocrx_word' id='word_1_106' title='bbox 1248 1701 1341 1766; x_wconf 91' lang='lat' dir='ltr'><strong>cuius</strong></span> <span class='ocrx_word' id='word_1_107' title='bbox 1476 1763 1477 1800; x_wconf 43' lang='lat'><strong>,</strong></span> 
     </span>
    </p>
   </div>
   <div class='ocr_carea' id='block_1_7' title="bbox 210 1805 1340 1893">
    <p class='ocr_par' dir='ltr' id='par_1_8' title="bbox 210 1805 1340 1893">
     <span class='ocr_line' id='line_1_14' title="bbox 210 1805 1340 1893; baseline 0.001 -22"><span class='ocrx_word' id='word_1_108' title='bbox 210 1806 382 1872; x_wconf 88' lang='lat' dir='ltr'><strong>collatione</strong></span> <span class='ocrx_word' id='word_1_109' title='bbox 396 1805 634 1873; x_wconf 77' lang='lat' dir='ltr'><strong>Valckenarius</strong></span> <span class='ocrx_word' id='word_1_110' title='bbox 655 1829 735 1872; x_wconf 92' lang='lat' dir='ltr'><strong>usus</strong></span> <span class='ocrx_word' id='word_1_111' title='bbox 761 1814 827 1888; x_wconf 89' lang='lat' dir='ltr'><strong>est,</strong></span> <span class='ocrx_word' id='word_1_112' title='bbox 849 1805 1023 1893; x_wconf 79' lang='lat' dir='ltr'><strong>aliquoties</strong></span> <span class='ocrx_word' id='word_1_113' title='bbox 1035 1807 1174 1872; x_wconf 90' lang='lat' dir='ltr'><strong>eundem</strong></span> <span class='ocrx_word' id='word_1_114' title='bbox 1186 1806 1226 1871; x_wconf 83' lang='lat' dir='ltr'><strong>T.</strong></span> <span class='ocrx_word' id='word_1_115' title='bbox 1242 1806 1340 1872; x_wconf 90' lang='lat' dir='ltr'><strong>Hem·</strong></span> 
     </span>
    </p>
   </div>
   <div class='ocr_carea' id='block_1_8' title="bbox 211 1912 1340 2105">
    <p class='ocr_par' dir='ltr' id='par_1_9' title="bbox 211 1912 1340 2105">
     <span class='ocr_line' id='line_1_15' title="bbox 211 1912 735 2002; baseline 0.002 -26"><span class='ocrx_word' id='word_1_116' title='bbox 211 1912 365 1978; x_wconf 88' lang='lat' dir='ltr'><strong>sterhusii</strong></span> <span class='ocrx_word' id='word_1_117' title='bbox 387 1913 533 1978; x_wconf 91' lang='lat' dir='ltr'><strong>codicem</strong></span> <span class='ocrx_word' id='word_1_118' title='bbox 554 1914 735 2002; x_wconf 90' lang='lat' dir='ltr'><strong>appellans.</strong></span> 
     </span>
     <span class='ocr_line' id='line_1_16' title="bbox 298 2017 1340 2105; baseline -0.002 -21"><span class='ocrx_word' id='word_1_119' title='bbox 298 2023 344 2101; x_wconf 88' lang='lat'><strong>0.]</strong></span> <span class='ocrx_word' id='word_1_120' title='bbox 363 2048 407 2076; x_wconf 91' lang='lat'>=</span> <span class='ocrx_word' id='word_1_121' title='bbox 428 2019 468 2084; x_wconf 93' lang='lat'><strong>0.</strong></span> <span class='ocrx_word' id='word_1_122' title='bbox 490 2018 577 2085; x_wconf 84' lang='lat' dir='ltr'><strong>Gail.</strong></span> <span class='ocrx_word' id='word_1_123' title='bbox 604 2058 639 2067; x_wconf 93' lang='lat'><em>-</em></span> <span class='ocrx_word' id='word_1_124' title='bbox 665 2018 747 2105; x_wconf 70' lang='lat' dir='ltr'><strong>leeg.</strong></span> <span class='ocrx_word' id='word_1_125' title='bbox 763 2041 812 2084; x_wconf 89' lang='lat' dir='ltr'><strong>nr.</strong></span> <span class='ocrx_word' id='word_1_126' title='bbox 829 2019 922 2084; x_wconf 88' lang='grc'><strong>2834.</strong></span> <span class='ocrx_word' id='word_1_127' title='bbox 945 2018 1081 2084; x_wconf 90' lang='lat' dir='ltr'><strong>membr.</strong></span> <span class='ocrx_word' id='word_1_128' title='bbox 1102 2039 1167 2082; x_wconf 90' lang='lat' dir='ltr'><strong>see.</strong></span> <span class='ocrx_word' id='word_1_129' title='bbox 1187 2035 1246 2082; x_wconf 84' lang='lat' dir='ltr'><strong>xv.</strong></span> <span class='ocrx_word' id='word_1_130' title='bbox 1263 2017 1340 2103; x_wconf 90' lang='lat' dir='ltr'><strong>(sub</strong></span> 
     </span>
    </p>
   </div>
   <div class='ocr_carea' id='block_1_9' title="bbox 210 2111 1478 2209">
    <p class='ocr_par' dir='ltr' id='par_1_10' title="bbox 210 2111 1478 2209">
     <span class='ocr_line' id='line_1_17' title="bbox 210 2111 1478 2209; baseline -0.001 -21"><span class='ocrx_word' id='word_1_131' title='bbox 210 2125 308 2190; x_wconf 90' lang='lat' dir='ltr'><strong>finem</strong></span> <span class='ocrx_word' id='word_1_132' title='bbox 331 2147 395 2190; x_wconf 86' lang='lat' dir='ltr'><strong>sec.</strong></span> <span class='ocrx_word' id='word_1_133' title='bbox 420 2145 478 2191; x_wconf 78' lang='lat' dir='ltr'><strong>xv.</strong></span> <span class='ocrx_word' id='word_1_134' title='bbox 498 2125 622 2209; x_wconf 79' lang='lat' dir='ltr'><strong>Calah,</strong></span> <span class='ocrx_word' id='word_1_135' title='bbox 651 2147 716 2190; x_wconf 89' lang='lat' dir='ltr'><strong>sec.</strong></span> <span class='ocrx_word' id='word_1_136' title='bbox 736 2142 808 2189; x_wconf 81' lang='lat' dir='ltr'><strong>xvt.</strong></span> <span class='ocrx_word' id='word_1_137' title='bbox 832 2125 980 2208; x_wconf 82' lang='lat' dir='ltr'><strong>Duehn.)</strong></span> <span class='ocrx_word' id='word_1_138' title='bbox 1015 2129 1138 2190; x_wconf 74' lang='lat' dir='ltr'><strong>Theocr-</strong></span> <span class='ocrx_word' id='word_1_139' title='bbox 1159 2131 1341 2189; x_wconf 79' lang='lat' dir='ltr'><strong>I—XVIII.</strong></span> <span class='ocrx_word' id='word_1_140' title='bbox 1477 2111 1478 2124; x_wconf 42' lang='lat'>¹</span> 
     </span>
    </p>
   </div>
   <div class='ocr_carea' id='block_1_10' title="bbox 210 2227 1341 2424">
    <p class='ocr_par' dir='ltr' id='par_1_11' title="bbox 210 2227 1341 2424">
     <span class='ocr_line' id='line_1_18' title="bbox 210 2227 1118 2317; baseline 0.001 -24"><span class='ocrx_word' id='word_1_141' title='bbox 210 2227 398 2316; x_wconf 86' lang='lat' dir='ltr'><strong>Sequuntur</strong></span> <span class='ocrx_word' id='word_1_142' title='bbox 419 2231 602 2314; x_wconf 87' lang='lat' dir='ltr'><strong>Hesiodus,</strong></span> <span class='ocrx_word' id='word_1_143' title='bbox 624 2229 808 2317; x_wconf 84' lang='lat' dir='ltr'><strong>Dionysius</strong></span> <span class='ocrx_word' id='word_1_144' title='bbox 828 2229 921 2314; x_wconf 77' lang='lat' dir='ltr'><strong>Pen,</strong></span> <span class='ocrx_word' id='word_1_145' title='bbox 945 2231 1118 2297; x_wconf 86' lang='lat' dir='ltr'><strong>Pindarus.</strong></span> 
     </span>
     <span class='ocr_line' id='line_1_19' title="bbox 295 2336 1341 2424; baseline 0.003 -26"><span class='ocrx_word' id='word_1_146' title='bbox 295 2341 343 2417; x_wconf 82' lang='grc' dir='ltr'><strong>Ρ.]</strong></span> <span class='ocrx_word' id='word_1_147' title='bbox 364 2365 409 2395; x_wconf 92' lang='lat'>=</span> <span class='ocrx_word' id='word_1_148' title='bbox 430 2337 467 2402; x_wconf 93' lang='lat' dir='ltr'><strong>P.</strong></span> <span class='ocrx_word' id='word_1_149' title='bbox 492 2337 581 2402; x_wconf 83' lang='lat' dir='ltr'><strong>Gail.</strong></span> <span class='ocrx_word' id='word_1_150' title='bbox 610 2366 654 2394; x_wconf 92' lang='lat'><strong><em>=</em></strong></span> <span class='ocrx_word' id='word_1_151' title='bbox 681 2349 707 2400; x_wconf 87' lang='lat'><strong>1.</strong></span> <span class='ocrx_word' id='word_1_152' title='bbox 735 2336 841 2402; x_wconf 91' lang='lat' dir='ltr'><strong>Dorv.</strong></span> <span class='ocrx_word' id='word_1_153' title='bbox 873 2377 910 2386; x_wconf 92' lang='lat'><em>-</em></span> <span class='ocrx_word' id='word_1_154' title='bbox 935 2339 1017 2424; x_wconf 86' lang='lat' dir='ltr'><strong>Reg.</strong></span> <span class='ocrx_word' id='word_1_155' title='bbox 1050 2358 1099 2400; x_wconf 88' lang='lat' dir='ltr'><strong>ur.</strong></span> <span class='ocrx_word' id='word_1_156' title='bbox 1130 2336 1224 2401; x_wconf 91' lang='grc'><strong>2835.</strong></span> <span class='ocrx_word' id='word_1_157' title='bbox 1249 2337 1341 2424; x_wconf 94' lang='lat' dir='ltr'><strong>(olim</strong></span> 
     </span>
    </p>
   </div>
   <div class='ocr_carea' id='block_1_11' title="bbox 79 2443 1340 2525">
    <p class='ocr_par' dir='ltr' id='par_1_12' title="bbox 79 2443 1340 2525">
     <span class='ocr_line' id='line_1_20' title="bbox 79 2443 1340 2525; baseline 0 -17"><span class='ocrx_word' id='word_1_158' title='bbox 79 2499 89 2508; x_wconf 88' lang='lat'><strong>.</strong></span> <span class='ocrx_word' id='word_1_159' title='bbox 209 2462 259 2504; x_wconf 91' lang='lat' dir='ltr'><strong>nr.</strong></span> <span class='ocrx_word' id='word_1_160' title='bbox 278 2443 367 2525; x_wconf 89' lang='grc'><strong>335.)</strong></span> <span class='ocrx_word' id='word_1_161' title='bbox 390 2443 492 2507; x_wconf 89' lang='lat' dir='ltr'><strong>chart.</strong></span> <span class='ocrx_word' id='word_1_162' title='bbox 517 2465 582 2506; x_wconf 89' lang='lat' dir='ltr'><strong>sec.</strong></span> <span class='ocrx_word' id='word_1_163' title='bbox 600 2460 671 2507; x_wconf 80' lang='lat' dir='ltr'><strong>xlv.</strong></span> <span class='ocrx_word' id='word_1_164' title='bbox 698 2448 822 2510; x_wconf 76' lang='lat' dir='ltr'><strong>Theocr.</strong></span> <span class='ocrx_word' id='word_1_165' title='bbox 841 2452 934 2509; x_wconf 85' lang='lat' dir='ltr'><strong>I-X</strong></span> <span class='ocrx_word' id='word_1_166' title='bbox 939 2450 970 2508; x_wconf 83' lang='lat' dir='ltr'><strong>V.</strong></span> <span class='ocrx_word' id='word_1_167' title='bbox 990 2448 1094 2506; x_wconf 85' lang='lat' dir='ltr'><strong>XVII.</strong></span> <span class='ocrx_word' id='word_1_168' title='bbox 1127 2446 1237 2508; x_wconf 76' lang='lat' dir='ltr'><strong>lael.</strong></span> <span class='ocrx_word' id='word_1_169' title='bbox 1267 2446 1340 2508; x_wconf 78' lang='lat' dir='ltr'><strong>Tae-</strong></span> 
     </span>
    </p>
   </div>
   <div class='ocr_carea' id='block_1_12' title="bbox 205 2547 1340 3484">
    <p class='ocr_par' dir='ltr' id='par_1_13' title="bbox 208 2547 1340 2954">
     <span class='ocr_line' id='line_1_21' title="bbox 209 2547 1340 2637; baseline 0.004 -27"><span class='ocrx_word' id='word_1_170' title='bbox 209 2567 270 2610; x_wconf 84' lang='lat' dir='ltr'><strong>ocr.</strong></span> <span class='ocrx_word' id='word_1_171' title='bbox 296 2555 328 2610; x_wconf 87' lang='lat' dir='ltr'><em>X</em></span> <span class='ocrx_word' id='word_1_172' title='bbox 332 2555 381 2612; x_wconf 85' lang='lat' dir='ltr'><strong>VI.</strong></span> <span class='ocrx_word' id='word_1_173' title='bbox 418 2548 447 2612; x_wconf 88' lang='grc' dir='ltr'><strong>Ε</strong></span> <span class='ocrx_word' id='word_1_174' title='bbox 466 2547 701 2615; x_wconf 86' lang='lat' dir='ltr'><strong>Sanctamandi</strong></span> <span class='ocrx_word' id='word_1_175' title='bbox 714 2549 888 2616; x_wconf 86' lang='lat' dir='ltr'><strong>collatione</strong></span> <span class='ocrx_word' id='word_1_176' title='bbox 905 2570 1012 2637; x_wconf 88' lang='lat' dir='ltr'><strong>pauca</strong></span> <span class='ocrx_word' id='word_1_177' title='bbox 1026 2547 1230 2636; x_wconf 88' lang='lat' dir='ltr'><strong>protulerunt</strong></span> <span class='ocrx_word' id='word_1_178' title='bbox 1245 2549 1340 2615; x_wconf 84' lang='lat' dir='ltr'><strong>Gais-</strong></span> 
     </span>
     <span class='ocr_line' id='line_1_22' title="bbox 209 2651 1340 2722; baseline 0.003 -7"><span class='ocrx_word' id='word_1_179' title='bbox 209 2651 335 2718; x_wconf 86' lang='lat' dir='ltr'><strong>fordius</strong></span> <span class='ocrx_word' id='word_1_180' title='bbox 364 2663 397 2718; x_wconf 88' lang='lat' dir='ltr'><strong>et</strong></span> <span class='ocrx_word' id='word_1_181' title='bbox 417 2654 707 2722; x_wconf 85' lang='lat' dir='ltr'><strong>Wordsworthius.</strong></span> <span class='ocrx_word' id='word_1_182' title='bbox 754 2656 809 2721; x_wconf 87' lang='lat' dir='ltr'><strong>Ad</strong></span> <span class='ocrx_word' id='word_1_183' title='bbox 831 2663 899 2722; x_wconf 91' lang='lat' dir='ltr'><strong>Inc.</strong></span> <span class='ocrx_word' id='word_1_184' title='bbox 927 2674 950 2720; x_wconf 87' lang='lat'><strong>1.</strong></span> <span class='ocrx_word' id='word_1_185' title='bbox 974 2655 1183 2720; x_wconf 88' lang='lat' dir='ltr'><strong>Dorvilliana</strong></span> <span class='ocrx_word' id='word_1_186' title='bbox 1208 2653 1340 2719; x_wconf 87' lang='lat' dir='ltr'><strong>collatio</strong></span> 
     </span>
     <span class='ocr_line' id='line_1_23' title="bbox 210 2757 1340 2850; baseline 0.002 -28"><span class='ocrx_word' id='word_1_187' title='bbox 210 2757 330 2824; x_wconf 87' lang='lat' dir='ltr'><strong>deficit.</strong></span> <span class='ocrx_word' id='word_1_188' title='bbox 374 2760 574 2828; x_wconf 87' lang='lat' dir='ltr'><strong>Duebncrus</strong></span> <span class='ocrx_word' id='word_1_189' title='bbox 602 2763 637 2827; x_wconf 91' lang='lat' dir='ltr'><strong>in</strong></span> <span class='ocrx_word' id='word_1_190' title='bbox 662 2763 802 2828; x_wconf 88' lang='lat' dir='ltr'><strong>Ameisii</strong></span> <span class='ocrx_word' id='word_1_191' title='bbox 829 2783 926 2828; x_wconf 88' lang='lat' dir='ltr'><strong>usum</strong></span> <span class='ocrx_word' id='word_1_192' title='bbox 948 2762 1074 2850; x_wconf 80' lang='lat' dir='ltr'><strong>aliquot</strong></span> <span class='ocrx_word' id='word_1_193' title='bbox 1102 2761 1261 2826; x_wconf 90' lang='lat' dir='ltr'><strong>lectiones</strong></span> <span class='ocrx_word' id='word_1_194' title='bbox 1284 2782 1340 2824; x_wconf 86' lang='lat' dir='ltr'><strong>ex-</strong></span> 
     </span>
     <span class='ocr_line' id='line_1_24' title="bbox 208 2866 762 2954; baseline 0.013 -28"><span class='ocrx_word' id='word_1_195' title='bbox 208 2866 344 2951; x_wconf 85' lang='lat' dir='ltr'><strong>cerpsit,</strong></span> <span class='ocrx_word' id='word_1_196' title='bbox 367 2889 429 2932; x_wconf 90' lang='lat' dir='ltr'><strong>nec</strong></span> <span class='ocrx_word' id='word_1_197' title='bbox 449 2889 569 2954; x_wconf 86' lang='lat' dir='ltr'><strong>paucas</strong></span> <span class='ocrx_word' id='word_1_198' title='bbox 591 2871 627 2935; x_wconf 92' lang='lat' dir='ltr'><strong>in</strong></span> <span class='ocrx_word' id='word_1_199' title='bbox 643 2891 762 2935; x_wconf 90' lang='lat' dir='ltr'><strong>meum.</strong></span> 
     </span>
    </p>

    <p class='ocr_par' dir='ltr' id='par_1_14' title="bbox 205 2971 1340 3484">
     <span class='ocr_line' id='line_1_25' title="bbox 295 2971 1339 3058; baseline 0.003 -26"><span class='ocrx_word' id='word_1_200' title='bbox 295 2975 340 3053; x_wconf 84' lang='lat' dir='ltr'><strong>Q.]</strong></span> <span class='ocrx_word' id='word_1_201' title='bbox 363 3003 406 3032; x_wconf 87' lang='lat'><strong><em>=</em></strong></span> <span class='ocrx_word' id='word_1_202' title='bbox 427 2971 468 3052; x_wconf 86' lang='lat' dir='ltr'><strong>Q.</strong></span> <span class='ocrx_word' id='word_1_203' title='bbox 489 2973 576 3038; x_wconf 81' lang='lat' dir='ltr'><strong>Gail.</strong></span> <span class='ocrx_word' id='word_1_204' title='bbox 598 3005 643 3034; x_wconf 86' lang='lat'><strong>==</strong></span> <span class='ocrx_word' id='word_1_205' title='bbox 663 2985 690 3038; x_wconf 82' lang='lat'><strong>9.</strong></span> <span class='ocrx_word' id='word_1_206' title='bbox 714 2973 820 3040; x_wconf 84' lang='lat' dir='ltr'><strong>Gaisl.</strong></span> <span class='ocrx_word' id='word_1_207' title='bbox 843 2997 861 3038; x_wconf 89' lang='lat' dir='ltr'><strong>c</strong></span> <span class='ocrx_word' id='word_1_208' title='bbox 882 2973 954 3038; x_wconf 91' lang='lat' dir='ltr'><strong>coll.</strong></span> <span class='ocrx_word' id='word_1_209' title='bbox 979 2973 1099 3038; x_wconf 87' lang='lat' dir='ltr'><strong>Setam.</strong></span> <span class='ocrx_word' id='word_1_210' title='bbox 1121 3011 1165 3022; x_wconf 88' lang='lat'>-</span> <span class='ocrx_word' id='word_1_211' title='bbox 1186 2972 1269 3058; x_wconf 85' lang='lat' dir='ltr'><strong>Reg.</strong></span> <span class='ocrx_word' id='word_1_212' title='bbox 1291 2995 1339 3037; x_wconf 90' lang='lat' dir='ltr'><strong>nr.</strong></span> 
     </span>
     <span class='ocr_line' id='line_1_26' title="bbox 208 3069 1339 3166; baseline 0.004 -31"><span class='ocrx_word' id='word_1_213' title='bbox 208 3075 302 3138; x_wconf 87' lang='grc'><strong>2884.</strong></span> <span class='ocrx_word' id='word_1_214' title='bbox 325 3075 417 3162; x_wconf 92' lang='lat' dir='ltr'><strong>(olim</strong></span> <span class='ocrx_word' id='word_1_215' title='bbox 435 3079 577 3144; x_wconf 84' lang='lat' dir='ltr'><strong>Colbert.</strong></span> <span class='ocrx_word' id='word_1_216' title='bbox 598 3103 647 3144; x_wconf 90' lang='lat' dir='ltr'><strong>ur.</strong></span> <span class='ocrx_word' id='word_1_217' title='bbox 669 3079 777 3164; x_wconf 87' lang='grc'><strong>6443.)</strong></span> <span class='ocrx_word' id='word_1_218' title='bbox 800 3078 953 3166; x_wconf 84' lang='lat' dir='ltr'><strong>bombyc.</strong></span> <span class='ocrx_word' id='word_1_219' title='bbox 976 3103 1006 3144; x_wconf 88' lang='lat' dir='ltr'><strong>a.</strong></span> <span class='ocrx_word' id='word_1_220' title='bbox 1024 3069 1105 3143; x_wconf 85' lang='grc'><strong>1298</strong></span> <span class='ocrx_word' id='word_1_221' title='bbox 1126 3077 1169 3143; x_wconf 92' lang='lat' dir='ltr'><strong>ab</strong></span> <span class='ocrx_word' id='word_1_222' title='bbox 1191 3076 1339 3142; x_wconf 86' lang='lat' dir='ltr'><strong>Athana·</strong></span> 
     </span>
     <span class='ocr_line' id='line_1_27' title="bbox 207 3179 1340 3272; baseline 0.004 -28"><span class='ocrx_word' id='word_1_223' title='bbox 207 3179 255 3245; x_wconf 88' lang='lat' dir='ltr'><strong>sio</strong></span> <span class='ocrx_word' id='word_1_224' title='bbox 277 3183 418 3269; x_wconf 91' lang='lat' dir='ltr'><strong>quodam</strong></span> <span class='ocrx_word' id='word_1_225' title='bbox 446 3185 588 3272; x_wconf 88' lang='lat' dir='ltr'><strong>scriptus</strong></span> <span class='ocrx_word' id='word_1_226' title='bbox 614 3194 698 3250; x_wconf 85' lang='lat' dir='ltr'><strong>teste</strong></span> <span class='ocrx_word' id='word_1_227' title='bbox 721 3183 962 3249; x_wconf 88' lang='lat' dir='ltr'><strong>Sanctamando</strong></span> <span class='ocrx_word' id='word_1_228' title='bbox 982 3184 1071 3272; x_wconf 91' lang='lat' dir='ltr'><strong>apud</strong></span> <span class='ocrx_word' id='word_1_229' title='bbox 1102 3183 1210 3249; x_wconf 86' lang='lat' dir='ltr'><strong>Gaisf.</strong></span> <span class='ocrx_word' id='word_1_230' title='bbox 1255 3183 1340 3250; x_wconf 76' lang='lat' dir='ltr'><strong>(lon-</strong></span> 
     </span>
     <span class='ocr_line' id='line_1_28' title="bbox 205 3287 1339 3380; baseline 0.003 -31"><span class='ocrx_word' id='word_1_231' title='bbox 205 3287 288 3352; x_wconf 87' lang='lat' dir='ltr'><strong>tinet</strong></span> <span class='ocrx_word' id='word_1_232' title='bbox 315 3301 445 3377; x_wconf 89' lang='lat' dir='ltr'><strong>praeter</strong></span> <span class='ocrx_word' id='word_1_233' title='bbox 471 3291 631 3378; x_wconf 86' lang='lat' dir='ltr'><strong>quaedam</strong></span> <span class='ocrx_word' id='word_1_234' title='bbox 661 3289 819 3378; x_wconf 86' lang='lat' dir='ltr'><strong>Aeschyli</strong></span> <span class='ocrx_word' id='word_1_235' title='bbox 847 3300 879 3355; x_wconf 89' lang='lat' dir='ltr'><strong>et</strong></span> <span class='ocrx_word' id='word_1_236' title='bbox 906 3290 1074 3380; x_wconf 83' lang='lat' dir='ltr'><strong>Sophoclis</strong></span> <span class='ocrx_word' id='word_1_237' title='bbox 1100 3294 1224 3354; x_wconf 73' lang='lat' dir='ltr'><strong>Theocr.</strong></span> <span class='ocrx_word' id='word_1_238' title='bbox 1245 3296 1272 3354; x_wconf 84' lang='grc' dir='ltr'><strong>Ι.</strong></span> <span class='ocrx_word' id='word_1_239' title='bbox 1305 3295 1339 3352; x_wconf 87' lang='lat' dir='ltr'><strong>V.</strong></span> 
     </span>
     <span class='ocr_line' id='line_1_29' title="bbox 213 3395 1340 3484; baseline 0.005 -31"><span class='ocrx_word' id='word_1_240' title='bbox 213 3398 263 3454; x_wconf 84' lang='lat' dir='ltr'><strong>VJ.</strong></span> <span class='ocrx_word' id='word_1_241' title='bbox 285 3399 342 3458; x_wconf 86' lang='lat' dir='ltr'><strong>IV.</strong></span> <span class='ocrx_word' id='word_1_242' title='bbox 373 3405 442 3463; x_wconf 84' lang='lat' dir='ltr'><strong>VII.</strong></span> <span class='ocrx_word' id='word_1_243' title='bbox 466 3405 527 3462; x_wconf 88' lang='grc' dir='ltr'><strong>ΙΙΙ.</strong></span> <span class='ocrx_word' id='word_1_244' title='bbox 559 3402 771 3461; x_wconf 82' lang='lat' dir='ltr'><em>VIII-XIII.</em></span> <span class='ocrx_word' id='word_1_245' title='bbox 814 3396 949 3484; x_wconf 88' lang='lat' dir='ltr'><strong>Aliquot</strong></span> <span class='ocrx_word' id='word_1_246' title='bbox 969 3397 1130 3461; x_wconf 87' lang='lat' dir='ltr'><strong>lectiones</strong></span> <span class='ocrx_word' id='word_1_247' title='bbox 1149 3397 1185 3459; x_wconf 92' lang='lat' dir='ltr'><strong>in</strong></span> <span class='ocrx_word' id='word_1_248' title='bbox 1199 3395 1340 3460; x_wconf 85' lang='lat' dir='ltr'><strong>Ameisii</strong></span> 
     </span>
    </p>
   </div>
   <div class='ocr_carea' id='block_1_13' title="bbox 204 3497 1338 3695">
    <p class='ocr_par' dir='ltr' id='par_1_15' title="bbox 204 3497 1338 3695">
     <span class='ocr_line' id='line_1_30' title="bbox 204 3497 1174 3590; baseline 0.007 -32"><span class='ocrx_word' id='word_1_249' title='bbox 204 3515 301 3558; x_wconf 90' lang='lat' dir='ltr'><strong>usum</strong></span> <span class='ocrx_word' id='word_1_250' title='bbox 321 3497 519 3566; x_wconf 87' lang='lat' dir='ltr'><strong>Duebncrus</strong></span> <span class='ocrx_word' id='word_1_251' title='bbox 542 3505 721 3590; x_wconf 85' lang='lat' dir='ltr'><strong>excerpsit,</strong></span> <span class='ocrx_word' id='word_1_252' title='bbox 738 3525 799 3568; x_wconf 90' lang='lat' dir='ltr'><strong>nec</strong></span> <span class='ocrx_word' id='word_1_253' title='bbox 821 3522 945 3589; x_wconf 89' lang='lat' dir='ltr'><strong>paucas</strong></span> <span class='ocrx_word' id='word_1_254' title='bbox 970 3523 1043 3566; x_wconf 90' lang='lat' dir='ltr'><strong>mea</strong></span> <span class='ocrx_word' id='word_1_255' title='bbox 1062 3523 1174 3566; x_wconf 90' lang='lat' dir='ltr'><strong>causa.</strong></span> 
     </span>
     <span class='ocr_line' id='line_1_31' title="bbox 290 3603 1338 3695; baseline -0.003 -22"><span class='ocrx_word' id='word_1_256' title='bbox 290 3603 341 3682; x_wconf 64' lang='grc' dir='ltr'><strong>Βι]</strong></span> <span class='ocrx_word' id='word_1_257' title='bbox 362 3635 404 3662; x_wconf 83' lang='lat'><strong>==</strong></span> <span class='ocrx_word' id='word_1_258' title='bbox 427 3607 466 3671; x_wconf 89' lang='lat' dir='ltr'><strong>R.</strong></span> <span class='ocrx_word' id='word_1_259' title='bbox 487 3607 574 3672; x_wconf 85' lang='lat' dir='ltr'><strong>Gall.</strong></span> <span class='ocrx_word' id='word_1_260' title='bbox 601 3647 638 3656; x_wconf 93' lang='lat'><em>-</em></span> <span class='ocrx_word' id='word_1_261' title='bbox 664 3611 745 3695; x_wconf 87' lang='lat' dir='ltr'><strong>Reg.</strong></span> <span class='ocrx_word' id='word_1_262' title='bbox 773 3631 823 3674; x_wconf 93' lang='lat' dir='ltr'><strong>nr.</strong></span> <span class='ocrx_word' id='word_1_263' title='bbox 844 3609 938 3671; x_wconf 85' lang='grc'><strong>2998.</strong></span> <span class='ocrx_word' id='word_1_264' title='bbox 968 3608 1078 3674; x_wconf 90' lang='lat' dir='ltr'><strong>bomb.</strong></span> <span class='ocrx_word' id='word_1_265' title='bbox 1103 3630 1168 3672; x_wconf 91' lang='lat' dir='ltr'><strong>sec.</strong></span> <span class='ocrx_word' id='word_1_266' title='bbox 1191 3624 1268 3671; x_wconf 83' lang='lat' dir='ltr'><strong>xflt.</strong></span> <span class='ocrx_word' id='word_1_267' title='bbox 1292 3617 1338 3671; x_wconf 88' lang='lat' dir='ltr'><strong>te-</strong></span> 
     </span>
    </p>
   </div>
   <div class='ocr_carea' id='block_1_14' title="bbox 203 3707 1336 3992">
    <p class='ocr_par' dir='ltr' id='par_1_16' title="bbox 203 3707 1336 3992">
     <span class='ocr_line' id='line_1_32' title="bbox 205 3707 1336 3801; baseline 0.006 -31"><span class='ocrx_word' id='word_1_268' title='bbox 205 3715 254 3771; x_wconf 88' lang='lat' dir='ltr'><strong>ste</strong></span> <span class='ocrx_word' id='word_1_269' title='bbox 276 3707 456 3777; x_wconf 89' lang='lat' dir='ltr'><strong>Duebnero</strong></span> <span class='ocrx_word' id='word_1_270' title='bbox 482 3713 561 3800; x_wconf 90' lang='lat' dir='ltr'><strong>(sec.</strong></span> <span class='ocrx_word' id='word_1_271' title='bbox 590 3731 663 3779; x_wconf 76' lang='lat' dir='ltr'><strong>m.</strong></span> <span class='ocrx_word' id='word_1_272' title='bbox 687 3713 812 3798; x_wconf 77' lang='lat' dir='ltr'><strong>Calah,</strong></span> <span class='ocrx_word' id='word_1_273' title='bbox 840 3734 905 3777; x_wconf 89' lang='lat' dir='ltr'><strong>see.</strong></span> <span class='ocrx_word' id='word_1_274' title='bbox 935 3730 991 3777; x_wconf 84' lang='lat' dir='ltr'><strong>xv.</strong></span> <span class='ocrx_word' id='word_1_275' title='bbox 1019 3713 1141 3801; x_wconf 70' lang='lat' dir='ltr'><strong>(laih),</strong></span> <span class='ocrx_word' id='word_1_276' title='bbox 1169 3713 1247 3779; x_wconf 92' lang='lat' dir='ltr'><strong>olim</strong></span> <span class='ocrx_word' id='word_1_277' title='bbox 1273 3712 1336 3777; x_wconf 81' lang='lat' dir='ltr'><strong>Fe-</strong></span> 
     </span>
     <span class='ocr_line' id='line_1_33' title="bbox 204 3812 1336 3907; baseline 0.006 -32"><span class='ocrx_word' id='word_1_278' title='bbox 204 3812 307 3877; x_wconf 90' lang='lat' dir='ltr'><strong>dcrici</strong></span> <span class='ocrx_word' id='word_1_279' title='bbox 325 3814 465 3882; x_wconf 88' lang='lat' dir='ltr'><strong>Morelli.</strong></span> <span class='ocrx_word' id='word_1_280' title='bbox 500 3821 655 3887; x_wconf 82' lang='lat' dir='ltr'><strong>Continet</strong></span> <span class='ocrx_word' id='word_1_281' title='bbox 679 3822 765 3886; x_wconf 89' lang='lat' dir='ltr'><strong>inter</strong></span> <span class='ocrx_word' id='word_1_282' title='bbox 786 3820 889 3885; x_wconf 88' lang='lat' dir='ltr'><strong>multa</strong></span> <span class='ocrx_word' id='word_1_283' title='bbox 919 3822 1058 3907; x_wconf 83' lang='lat' dir='ltr'><strong>triginta</strong></span> <span class='ocrx_word' id='word_1_284' title='bbox 1081 3820 1183 3885; x_wconf 86' lang='lat' dir='ltr'><strong>ferme</strong></span> <span class='ocrx_word' id='word_1_285' title='bbox 1206 3827 1336 3884; x_wconf 87' lang='lat' dir='ltr'><strong>senten·</strong></span> 
     </span>
     <span class='ocr_line' id='line_1_34' title="bbox 203 3920 516 3992; baseline 0.019 -6"><span class='ocrx_word' id='word_1_286' title='bbox 203 3921 268 3986; x_wconf 88' lang='lat' dir='ltr'><strong>tias</strong></span> <span class='ocrx_word' id='word_1_287' title='bbox 293 3920 516 3992; x_wconf 82' lang='lat' dir='ltr'><strong>Theocriteas.</strong></span> 
     </span>
    </p>
   </div>
   <div class='ocr_carea' id='block_1_15' title="bbox 286 4029 1336 4222">
    <p class='ocr_par' dir='ltr' id='par_1_17' title="bbox 286 4029 1336 4222">
     <span class='ocr_line' id='line_1_35' title="bbox 286 4029 1336 4122; baseline -0.005 -25"><span class='ocrx_word' id='word_1_288' title='bbox 286 4031 331 4109; x_wconf 77' lang='grc'><strong>8.]</strong></span> <span class='ocrx_word' id='word_1_289' title='bbox 353 4057 397 4085; x_wconf 93' lang='lat'><strong><em>=</em></strong></span> <span class='ocrx_word' id='word_1_290' title='bbox 409 4029 442 4094; x_wconf 89' lang='lat' dir='ltr'><strong>S.</strong></span> <span class='ocrx_word' id='word_1_291' title='bbox 456 4032 592 4098; x_wconf 62' lang='grc'><strong>84811.-</strong></span> <span class='ocrx_word' id='word_1_292' title='bbox 605 4036 688 4122; x_wconf 83' lang='lat' dir='ltr'><strong>Reg.</strong></span> <span class='ocrx_word' id='word_1_293' title='bbox 701 4057 750 4098; x_wconf 88' lang='lat' dir='ltr'><strong>nr.</strong></span> <span class='ocrx_word' id='word_1_294' title='bbox 767 4034 861 4099; x_wconf 88' lang='grc'><strong>3026.</strong></span> <span class='ocrx_word' id='word_1_295' title='bbox 883 4035 985 4099; x_wconf 87' lang='lat' dir='ltr'><strong>chart.</strong></span> <span class='ocrx_word' id='word_1_296' title='bbox 1002 4055 1067 4100; x_wconf 88' lang='lat' dir='ltr'><strong>see.</strong></span> <span class='ocrx_word' id='word_1_297' title='bbox 1081 4048 1152 4096; x_wconf 78' lang='lat' dir='ltr'><strong>xvi.</strong></span> <span class='ocrx_word' id='word_1_298' title='bbox 1173 4033 1296 4095; x_wconf 70' lang='lat' dir='ltr'><strong>theocr.</strong></span> <span class='ocrx_word' id='word_1_299' title='bbox 1309 4034 1336 4091; x_wconf 89' lang='lat' dir='ltr'><strong>I.</strong></span> 
     </span>
     <span class='ocr_line' id='line_1_36' title="bbox 290 4136 1335 4222; baseline -0.018 -3"><span class='ocrx_word' id='word_1_300' title='bbox 290 4138 317 4200; x_wconf 83' lang='grc' dir='ltr'><em>Τ</em></span> <span class='ocrx_word' id='word_1_301' title='bbox 315 4141 335 4218; x_wconf 93' lang='lat' dir='ltr'><strong>·l</strong></span> <span class='ocrx_word' id='word_1_302' title='bbox 354 4165 397 4192; x_wconf 88' lang='lat'>=</span> <span class='ocrx_word' id='word_1_303' title='bbox 418 4140 455 4200; x_wconf 58' lang='grc' dir='ltr'><strong>Α·</strong></span> <span class='ocrx_word' id='word_1_304' title='bbox 464 4137 496 4222; x_wconf 74' lang='lat' dir='ltr'><strong>*J</strong></span> <span class='ocrx_word' id='word_1_305' title='bbox 526 4139 612 4206; x_wconf 84' lang='lat' dir='ltr'><strong>Gail.</strong></span> <span class='ocrx_word' id='word_1_306' title='bbox 638 4179 675 4189; x_wconf 92' lang='lat'><strong>—-</strong></span> <span class='ocrx_word' id='word_1_307' title='bbox 705 4141 807 4208; x_wconf 81' lang='lat' dir='ltr'><strong>Coisl.</strong></span> <span class='ocrx_word' id='word_1_308' title='bbox 829 4164 879 4207; x_wconf 91' lang='lat' dir='ltr'><strong>nr.</strong></span> <span class='ocrx_word' id='word_1_309' title='bbox 904 4141 977 4204; x_wconf 88' lang='grc'><strong>354.</strong></span> <span class='ocrx_word' id='word_1_310' title='bbox 1001 4149 1133 4206; x_wconf 86' lang='lat' dir='ltr'><strong>auctore</strong></span> <span class='ocrx_word' id='word_1_311' title='bbox 1154 4136 1335 4202; x_wconf 89' lang='lat' dir='ltr'><strong>Ducbnero</strong></span> 
     </span>
    </p>
   </div>
   <div class='ocr_carea' id='block_1_16' title="bbox 201 4384 1334 4544">
    <p class='ocr_par' dir='ltr' id='par_1_18' title="bbox 201 4384 1334 4544">
     <span class='ocr_line' id='line_1_37' title="bbox 268 4384 1334 4456; baseline 0 -18"><span class='ocrx_word' id='word_1_312' title='bbox 268 4384 295 4450; x_wconf 86' lang='grc'><strong>*)</strong></span> <span class='ocrx_word' id='word_1_313' title='bbox 314 4387 398 4440; x_wconf 80' lang='lat' dir='ltr'><strong>Gailii</strong></span> <span class='ocrx_word' id='word_1_314' title='bbox 416 4391 449 4440; x_wconf 89' lang='lat' dir='ltr'><strong>T.</strong></span> <span class='ocrx_word' id='word_1_315' title='bbox 470 4391 503 4440; x_wconf 92' lang='lat' dir='ltr'><strong>V.</strong></span> <span class='ocrx_word' id='word_1_316' title='bbox 523 4389 719 4444; x_wconf 84' lang='lat' dir='ltr'><strong>translationes</strong></span> <span class='ocrx_word' id='word_1_317' title='bbox 737 4391 854 4441; x_wconf 83' lang='lat' dir='ltr'><strong>Latinas</strong></span> <span class='ocrx_word' id='word_1_318' title='bbox 868 4393 979 4454; x_wconf 85' lang='lat' dir='ltr'><strong>tenent,</strong></span> <span class='ocrx_word' id='word_1_319' title='bbox 998 4390 1032 4440; x_wconf 85' lang='lat' dir='ltr'><strong>X.</strong></span> <span class='ocrx_word' id='word_1_320' title='bbox 1049 4391 1258 4456; x_wconf 77' lang='lat' dir='ltr'><strong>Epigrammata</strong></span> <span class='ocrx_word' id='word_1_321' title='bbox 1272 4403 1334 4439; x_wconf 90' lang='lat' dir='ltr'><strong>eum</strong></span> 
     </span>
     <span class='ocr_line' id='line_1_38' title="bbox 201 4473 400 4544; baseline 0.025 -17"><span class='ocrx_word' id='word_1_322' title='bbox 201 4473 302 4544; x_wconf 81' lang='lat' dir='ltr'><strong>Guyeti</strong></span> <span class='ocrx_word' id='word_1_323' title='bbox 316 4480 400 4532; x_wconf 86' lang='lat' dir='ltr'><strong>notis.</strong></span> 
     </span>
    </p>
   </div>
   <div class='ocr_carea' id='block_1_17' title="bbox 0 0 1488 5060">
    <p class='ocr_par' dir='ltr' id='par_1_19' title="bbox 0 0 1488 5060">
     <span class='ocr_line' id='line_1_39' title="bbox 0 0 1488 5060; baseline 0 2"><span class='ocrx_word' id='word_1_324' title='bbox 0 0 1488 5060; x_wconf 95' lang='lat' dir='ltr'><strong> </strong></span> 
     </span>
    </p>
   </div>
  </div>
 </body>
</html>
