2980 5048
216 397 277 447 XIV
680 399 888 450 essartum.

217 571 359 646 Gallium
388 579 559 659 sequutus3
592 573 632 638 de
658 576 753 638 varis
774 573 913 640 lectione
941 584 972 640 et
998 575 1122 662 reliqua
1143 573 1375 640 adnotatione

216 672 283 739 vid.
307 677 338 756 ξ.
364 682 391 738 1.
437 679 603 740 Meineln'us
630 677 664 740 in
692 677 871 741 novissima
901 677 1043 744 editione
1071 700 1102 741 a.
1139 679 1223 742 1856
1251 697 1376 762 neque

216 775 572 866 augmenta'Gailiana
600 781 723 866 recepit
749 787 797 860 et,
827 801 911 866 quae
936 781 1005 866 ipse
1031 782 1065 843 in
1088 778 1263 865 proecdosi
1288 799 1374 841 men

216 899 246 942 a.
279 882 358 944 1850
379 878 538 943 tironibus
562 867 762 967 prospiciens
790 882 978 964 omiseram,
1005 901 1163 967 reponere
1190 880 1375 964 neglexit;

216 979 307 1045 dedit
334 991 440 1045 autem
469 982 629 1066 quaedam
657 981 698 1048 ad
729 982 830 1046 crisin
857 982 961 1047 utilia.
1005 981 1161 1069 Reliquas
1185 981 1373 1062 editiones,

216 1083 250 1147 in
274 1083 391 1170 quibus
414 1082 493 1146 nihil
514 1083 591 1147 novi
613 1085 804 1170 praestitum
824 1094 891 1167 est,
911 1085 1213 1170 praetermittimus.

216 1277 252 1370 ξ.
282 1277 315 1348 3.
357 1275 559 1368 catalogus
585 1275 754 1351 oodionm
779 1279 829 1350 ad
853 1277 1127 1370 Prolegomena
1158 1277 1368 1371 Hypotbe·

413 1418 474 1470 ses
502 1397 650 1471 Scholia
675 1397 827 1472 Glossas
853 1397 1106 1471 adhibitorum
1114 1391 1161 1496 *).

364 1547 656 1603 Mediolanenses.

299 1647 329 1737 a]
356 1647 438 1712 Cum
467 1651 684 1750 argumentis,
712 1647 843 1714 scholiis
864 1658 896 1714 et
919 1650 1037 1736 glossis
1065 1671 1128 1712 sec.
1152 1645 1355 1732 Zieglerum‚

215 1771 285 1812 cum
317 1748 449 1815 scholiis
478 1750 712 1836 marginalibus
744 1761 776 1816 et
806 1750 1071 1816 interlinearibus
1100 1749 1243 1836 copiosis
1271 1757 1356 1812 teste

214 1850 284 1917 Jos.
305 1850 479 1936 Muellero,
502 1854 557 1940 qui
580 1853 658 1917 mihi
679 1854 878 1941 paucissima
899 1851 1058 1940 quaedam
1081 1851 1267 1936 exscripsit.

297 1970 329 2059 lc]
359 1969 464 2055 „Cum
482 1971 655 2038 uberrimis
676 1972 808 2038 scholiis
818 1977 838 2010 “
859 1975 970 2048 Gaufi,
1000 1970 1186 2058 „pleraque
1209 1993 1278 2035 cum
1299 1990 1348 2032 ar·

214 2075 390 2158 gumentis,
414 2073 546 2140 scholiis
566 2083 598 2139 et
620 2074 740 2163 glossis
748 2079 767 2112 “
787 2079 880 2153 Zs'eql.
924 2072 1017 2154 Quae
1038 2074 1072 2138 in
1094 2094 1133 2137 eo
1152 2072 1198 2138 ad
1216 2071 1349 2138 Theocr.

213 2192 261 2240 1v.
279 2177 456 2262 pertinent,
471 2176 541 2241 Jos.
554 2176 732 2243 Muellerus
753 2197 826 2260 mea
842 2198 940 2240 causa
961 2175 1216 2260 diligentissime
1240 2196 1351 2238 secun·

215 2276 291 2342 dum
328 2278 379 2368 ed.
408 2278 524 2344 Heins.
554 2282 715 2374 encussiss
754 2279 856 2344 multa
873 2278 975 2378 ‘adeo
1008 2279 1136 2362 integra
1167 2278 1353 2364 exscripsit

214 2379 389 2444 Praeterea
408 2382 625 2467 paucissimae
647 2380 806 2466 quaedam
828 2379 957 2468 glossae
984 2401 1004 2444 a
1025 2379 1177 2465 Zieglero
1201 2387 1355 2445 enotatas

214 2489 247 2546 et
273 2482 463 2569 hypothesis
492 2482 534 2548 ad
566 2482 615 2547 ld.
646 2500 745 2547 xxm.
781 2481 908 2569 (mx.)
937 2505 957 2548 a
987 2481 1173 2547 Gaislordo.
1222 2479 1356 2546 Scholia
1481 2473 1482 2478 ’

214 2591 247 2646 et
266 2582 393 2667 glossas
416 2583 514 2648 rubro
537 2587 659 2673 scripta
680 2587 835 2651 asterisco
863 2589 1011 2675 apposito
1039 2585 1122 2673 (lm)
1153 2585 1355 2650 notavimus.

299 2683 429 2750 Scholia
446 2695 478 2750 et
499 2685 625 2772 glossas
647 2698 777 2753 auctore
797 2687 954 2754 Muellero
977 2697 1145 2776 practerea
1164 2695 1282 2751 tenent
1303 2708 1358 2749 co·

213 2786 302 2850 dices
318 2786 528 2852 Ambrosiani
543 2791 740 2855 recentiores
762 2795 792 2854 d.
807 2812 834 2854 e.
877 2788 974 2856 Teste
992 2786 1248 2856 Montelal'conio
1266 2787 1356 2850 Bibl.

213 2887 292 2953 bibl.
315 2912 347 2976 p.
371 2885 432 2954 519
455 2890 489 2954 in
511 2891 625 2956 eadem
645 2890 845 2958 bibliotheca
872 2901 963 2958 extat
989 2897 1160 2973 Lampride's‘
1188 2890 1357 2978 expositio

212 2990 246 3054 ln
268 2988 487 3058 Theocritum.

414 3129 545 3183 Veneti.

296 3231 335 3316 m]
367 3229 449 3296 Cum
478 3230 730 3319 prolegomenis,
760 3233 977 3318 argumentis,
1008 3231 1141 3297 scholiis
1172 3239 1205 3295 et
1233 3230 1354 3316 glossis

212 3331 475 3398 interlinearibus
496 3341 579 3397 teste
598 3331 746 3398 Morellio
767 3355 819 3423 ap.
837 3333 957 3398 Kiessl.
981 3356 1014 3420 p.
1037 3335 1114 3414 978,
1138 3333 1195 3420 qui
1214 3331 1257 3396 ad
1274 3331 1354 3396 Pro·
1428 3371 1438 3396 .

212 3431 381 3519 legomena
400 3436 553 3501 lectiones
575 3434 731 3522 quasdam
755 3438 911 3500 enotavit.

297 3535 409 3601 Codex
430 3545 449 3601 1.
470 3537 644 3602 secundum
667 3537 805 3602 eundem
829 3537 1012 3604 Morellium
1042 3547 1236 3624 argumenta
1255 3536 1350 3600 habet

211 3643 244 3699 et
259 3637 300 3702 ad
321 3637 532 3704 Id.1—v111.
557 3639 689 3704 scholia.

412 3775 619 3830 Flos-antini.

288 3874 325 3964 p]
348 3905 392 3934 =
411 3881 504 3942 Laur.
529 3882 579 3945 46.
604 3877 711 3944 Wart.
723 3885 808 3944 =L.
826 3877 930 3945 (laiss.
949 3909 993 3936 =
1008 3881 1089 3941 Salo.
1108 3875 1193 3942 Gall.
1215 3876 1346 3942 Duebn.
1453 3833 1457 3844 ι

210 4015 249 4024 -
269 3977 383 4044 Codex
399 3989 482 4044 teste
497 3979 647 4066 Zieglero
665 3981 820 4071 pleraque
836 3980 1051 4068 argumentis,
1069 3979 1187 4065 glossis
1206 3987 1239 4044 et
1259 3981 1348 4044 scho-

210 4079 264 4144 liis
290 4081 450 4146 instructa
479 4082 592 4168 habet,
622 4094 754 4149 auctore
782 4091 860 4150 verb
882 4083 1087 4148 Bethmanno
1110 4080 1234 4146 scholia
1258 4091 1347 4145 tenet

278 4291 304 4360 ⁸)
326 4291 427 4344 Iisdem
443 4293 566 4345 codicum
581 4291 657 4357 siglis
673 4292 701 4341 in
716 4292 766 4344 hoc
782 4297 855 4344 tomo
871 4309 937 4344 usus
953 4305 1011 4343 sum
1028 4279 1124 4358 quihus
1139 4293 1166 4342 iu
1188 4291 1285 4356 primo,
1328 4291 1350 4338 sl

209 4395 233 4446 p.
256 4381 332 4432 XXV
349 4396 423 4448 seqq.
445 4379 523 4446 plura
541 4378 574 4429 de
595 4377 638 4428 his
662 4377 738 4430 libris
756 4377 914 4431 docentur.·-
932 4379 964 4430 In
988 4378 1180 4430 enumerandis
1206 4377 1350 4430 codicibus

208 4465 402 4531 Prolegomens
419 4471 447 4518 et
465 4465 639 4532 Hypothsses
656 4466 811 4516 tenentibus
829 4468 916 4518 minus
935 4466 1033 4517 auxius
1050 4465 1097 4518 ini.
