2968 5060
234 397 285 443 llll
698 389 907 439 palarmo.

323 548 376 633 10)
402 547 626 612 Parisinorum
655 549 693 608 B.
718 549 754 608 B.
775 549 801 608 1.
828 549 862 608 L.
885 548 918 606 P.
948 547 983 606 Υ.
1008 537 1201 604 collationes
1224 557 1299 600 cum
1321 535 1373 600 ed.

238 658 348 724 Oxon.
373 656 471 736 1699,
495 674 580 739 quae
603 651 708 716 solnm
730 648 940 714 Theocritum
961 655 1060 712 tenet

326 763 378 848 11)
402 759 616 848 Epitaphium
634 757 748 821 Bionis
765 755 801 819 10
824 755 986 819 Parisinis
1014 757 1042 817 Ι.
1063 757 1097 818 L.
1120 756 1170 833 P.,
1198 747 1319 814 deinde
1339 747 1375 810 in

237 895 287 936 nr.
310 871 404 934 3334.
426 870 507 953 (ant.
525 863 646 950 num),
666 885 762 948 quem
785 861 930 926 codicem
944 865 978 924 G.
1003 881 1075 924 0000
1098 858 1260 944 suspicor,
1285 863 1319 918 et
1340 853 1375 917 in

237 977 350 1043 codice
370 997 436 1039 non
459 971 641 1051 nominato,
668 973 705 1032 Υ.
721 975 811 1055 0010,
830 989 904 1032 eum
921 967 973 1032 ed.
989 965 1091 1030 Basil.
1112 967 1188 1028 1541
1207 960 1373 1027 collatum.
1463 1029 1464 1040 ,

322 1079 466 1148 Parisini
489 1097 617 1164 quoque
641 1073 771 1139 codices
793 1074 829 1138 in
851 1072 956 1140 Oodd.
978 1073 1082 1138 Dorv.
1105 1069 1199 1158 siglis
1224 1067 1374 1136 Gaislor-

239 1190 348 1255 dianio
372 1192 439 1250 1-
450 1188 480 1248 7.
503 1205 569 1248 non
586 1189 735 1246 utuntur.

328 1297 378 1377 12)
400 1288 657 1356 Mediolanensis
676 1309 726 1352 nr.
753 1298 802 1350 24.
822 1309 896 1351 cum
921 1287 972 1355 ed.
998 1285 1114 1352 Heius.
1138 1283 1288 1353 collatus.

327 1401 380 1482 13)
402 1397 650 1486 Epigrammata
671 1393 736 1458 duo
757 1415 776 1457 0
796 1391 930 1458 Mediol.
957 1394 1027 1458 123.

327 1507 380 1593 11)
404 1504 444 1569 10
469 1501 605 1568 Theocr.
633 1515 733 1582 xxm,
763 1497 915 1562 ao-fin.
945 1500 1182 1566 communicata
1209 1522 1230 1564 0
1256 1502 1375 1568 00010-

241 1625 312 1682 0010
334 1636 352 1678 0
374 1610 486 1677 codice
509 1599 659 1672 ismaelis
683 1603 859 1670 Bouillaud
880 1603 1089 1672 Parisieusis.

330 1719 383 1805 15)
408 1715 607 1810 Collationes
626 1712 821 1778 Barocciani
843 1735 892 1776 nr.
918 1723 982 1777 109.
1006 1722 1039 1778 et
1056 1713 1223 1780 Laudiani
1243 1715 1280 1778 in
1294 1715 1377 1780 bibl.

239 1827 334 1897 Bodl.

329 1929 383 2014 16)
405 1927 562 1994 Vossiani
584 1927 620 1990 in
640 1922 721 1990 bibl.
744 1923 839 1990 Leid;
863 1947 938 1990 cnm
965 1927 1015 1991 ed.
1036 1926 1143 1994 Oxon.
1168 1930 1260 1992 1676.
1319 1913 1321 1918 ’

330 2037 383 2124 17)
408 2032 546 2098 Theocr.
568 2029 608 2092 V.
629 2053 647 2094 0
668 2031 739 2096 cod.
763 2030 1020 2118 Hamburgensi.

333 2139 384 2220 18)
407 2138 545 2204 Theoer.
566 2153 666 2200 xvm.
694 2158 712 2201 e
740 2135 873 2202 Mediol.
898 2150 945 2202 32.
974 2139 1082 2226 (00100
1104 2149 1274 2228 practerea
1296 2143 1377 2208 1010-
1467 2198 1468 2230 ,

242 2270 303 2336 gra
323 2246 455 2312 collatio
477 2245 601 2330 exstat)
625 2252 658 2308 et
681 2243 791 2332 Lips.‚
814 2267 1001 2333 quanquam
1023 2243 1063 2308 de
1080 2245 1191 2311 codice
1209 2246 1379 2335 Lipsienai

242 2353 326 2420 illud
347 2350 499 2440 idyllium
518 2357 649 2416 tenente
671 2348 755 2413 nihil
776 2359 915 2416 constat.

332 2459 385 2544 19)
410 2455 542 2522 Stobaci
565 2455 636 2520 ood.
658 2453 800 2518 Vindob.
824 2477 897 2520 cum
920 2457 972 2522 ed.
996 2457 1111 2522 Heius.
1134 2457 1284 2526 collatus.

327 2563 382 2628 Ex
399 2563 450 2627 his
473 2562 576 2649 copiis
596 2560 805 2627 Gaisfordius
827 2571 864 2626 ut
886 2562 928 2627 ab
952 2563 1023 2649 ipso
1045 2573 1219 2652 usrupatas
1241 2589 1379 2633 comme·
1468 2533 1469 2596 3

242 2671 382 2736 moravit
415 2691 472 2733 eas
506 2665 714 2748 collationes,
749 2688 832 2753 quas
854 2667 915 2732 sub
945 2673 1068 2736 1-10.
1102 2675 1377 2739 enumeravimus.

243 2778 357 2842 Tacite
379 2797 459 2840 0000
488 2783 540 2839 001
560 2772 695 2839 Stobaei
717 2772 985 2840 Vindobonensis
1014 2777 1204 2861 0011011000,
1232 2801 1295 2843 000
1320 2783 1379 2844 mi-

242 2906 304 2948 000
327 2881 370 2946 ad
390 2879 515 2946 Mosch.
539 2895 577 2944 11.
600 2879 723 2945 codicis
746 2878 935 2945 Fabriciani
958 2883 1185 2969 Anthologici,
1205 2886 1300 2951 cuius
1315 2888 1379 2952 col·

244 2990 327 3055 latio
348 2990 383 3053 in
401 2987 506 3052 Oodd.
534 2986 638 3052 Dorv.
665 3010 698 3072 p.
722 2989 773 3050 69.
796 2987 883 3052 inter
898 2987 1103 3076 Apparatum
1123 2990 1379 3080 Anthologicum

243 3104 521 3163 commemoratur.
574 3091 732 3179 Reliquas
763 3091 953 3159 collationes
979 3094 1123 3159 11-18.
1157 3118 1291 3184 prorsus
1325 3123 1379 3164 00-

242 3203 363 3290 glexit,
399 3224 538 3291 quarum
574 3201 610 3265 10
637 3220 771 3264 numero
808 3223 908 3287 quum
939 3200 1037 3264 etiam
1067 3200 1237 3288 Epitaphii
1262 3203 1379 3270 Bionis

243 3308 433 3376 collationes
456 3309 627 3375 Parisinae
657 3305 734 3387 0101,
757 3304 823 3367 iam
849 3304 1059 3390 intelligitur,
1089 3329 1148 3372 cur
1168 3309 1379 3376 Gaisfordius

244 3413 341 3479 adid
363 3436 495 3480 carmen
516 3414 628 3482 varias
657 3411 815 3476 lectiones
836 3432 853 3473 e
880 3407 957 3474 00110
984 3411 1152 3477 codicibus
1174 3412 1269 3479 Italis
1296 3424 1380 3480 attu-

243 3519 334 3601 lerit,
363 3517 471 3584 nullas
501 3543 519 3584 0
544 3518 704 3582 Parisinis
738 3525 869 3614 praeter
895 3536 1016 3600 000000
1043 3519 1203 3604 quasdam
1231 3543 1250 3585 0
1276 3520 1379 3588 Coisl.

244 3624 499 3708 Sanctamaudo‚
522 3632 559 3689 ut
580 3622 727 3702 videtur,
749 3620 888 3684 debitas.

329 3729 396 3794 Eas
417 3751 497 3798 vero
516 3728 707 3795 collationes
728 3724 902 3808 Dorvillii,
926 3725 1045 3813 quibua
1069 3729 1277 3796 Gaisfordius
1302 3754 1380 3796 0000

244 3845 303 3919 001,
318 3857 385 3901 000
401 3837 547 3923 integras
564 3833 748 3921 exscripsit,
768 3831 804 3896 id
821 3830 907 3918 quod
928 3835 1169 3920 apertissimum
1187 3835 1222 3898 10
1240 3833 1378 3901 Tlreoor.

244 3959 266 4005 1.
291 3950 323 4006 01
346 3959 430 4022 110,
450 3963 636 4030 quanquam
657 3938 710 4005 vel
739 3939 775 4002 in
802 3936 937 4025 reliquis
961 3940 1018 4004 vix
1040 3938 1197 4005 credibile
1220 3949 1285 4022 est,
1317 3941 1380 4006 ool-

243 4046 379 4112 lationes
413 4045 645 4114 Vaticanorum
677 4047 882 4133 potissimum
916 4045 1065 4111 codicum
1095 4056 1127 4110 et
1154 4047 1380 4114 Parisinornm

243 4161 335 4220 tanta
356 4152 492 4219 levitate
523 4154 689 4218 1001110100
717 4151 836 4235 101000,
867 4161 1021 4238 quantam
1046 4153 1134 4237 apud
1155 4153 1379 4220 Gaiefordium

243 4281 320 4347 prae
353 4281 388 4324 00
422 4258 541 4325 ferunt.
585 4258 726 4324 Accedit
758 4258 846 4345 quod
876 4255 1032 4342 siglorum
1058 4259 1262 4345 quorundam
1292 4259 1381 4324 haud

241 4386 316 4430 rara
341 4365 504 4448 conlusio,
534 4373 571 4429 ut
597 4387 624 4431 0.
655 4373 688 4430 01
708 4385 752 4440 0.,
787 4369 821 4428 V.
843 4373 877 4428 et
904 4369 964 4440 W„
995 4371 1092 4449 atque
1116 4362 1182 4428 alia
1211 4364 1380 4450 negligen-

241 4471 308 4534 tiae
331 4469 524 4538 documenta
545 4470 652 4558 potius
670 4470 712 4534 ad
730 4469 957 4537 Gaisfordium
982 4467 1156 4534 referenda
1172 4490 1244 4536 esse
1267 4469 1380 4536 viden·
