2980 5048
611 392 817 446 catastam.
1220 393 1285 447 xltt

140 583 203 628 nem
217 563 475 632 restituendam
491 589 557 632 non
575 567 626 634 usi
646 577 739 651 sunt3
760 575 903 633 attamen
924 567 965 632 ad
981 565 1216 652 Prolegomena
1231 567 1285 632 1111

141 687 174 729 ex
192 665 317 753 Lips.“·
342 669 710 757 (11111111111111111.1
734 681 765 734 et
790 669 887 758 Call.)
909 672 1018 736 varias
1039 669 1193 734 lectiones
1214 692 1285 756 pro·

135 767 218 852 tulit,
250 765 448 836 Wartonus
471 793 513 837 ex
535 771 623 837 Vatt.
651 777 747 855 1-5;
770 769 978 860 Hypotheses
997 781 1133 858 uterque
1154 793 1285 858 prorsus

133 869 301 954 neglexit.

221 977 460 1039 Valckenarius
468 975 503 1038 in
516 975 658 1041 editione
674 974 901 1040 Bucolicorum
913 994 942 1038 a.
959 979 1038 1040 1779
1051 974 1287 1060 Prolegomena

126 1083 158 1137 et
184 1075 427 1159 Argumenta,
457 1097 540 1163 quae
572 1079 605 1140 in
633 1099 734 1141 unum
760 1099 878 1162 corpus
907 1067 1081 1162 conjunc'ta
1108 1076 1286 1163 praemisit,

123 1175 257 1241 codicis
294 1177 446 1242 Parisini
483 1177 560 1265 (ll),
605 1180 697 1264 cujus
733 1178 938 1246 collationem
973 1176 1025 1244 vel
1061 1177 1286 1264 apographum

124 1276 350 1343 Ruhnkenio
373 1279 530 1363 debebat,
550 1289 583 1344 et
599 1279 840 1364 Ualliergianae
861 1303 921 1368 ope
942 1279 1090 1366 suppleta
1113 1291 1146 1344 et
1160 1289 1285 1343 mutata

124 1377 256 1463 edidit,
285 1401 479 1467 quanquam
501 1380 638 1446 subinde
657 1381 800 1468 Crispini
820 1403 918 1446 manu
941 1392 1078 1448 servata.
1122 1381 1218 1444 Hanc'
1237 1403 1285 1446 re·

124 1483 335 1546 censionem
361 1483 559 1547 recentiores
583 1482 746 1549 Theocriti
775 1485 916 1549 editores
944 1484 1012 1548 lere
1040 1485 1168 1570 sequuti
1200 1493 1285 1566 sunt,

126 1583 338 1697 plerumque
371 1583 677 1670 Prolegomenorum
711 1597 743 1649 11
775 1585 1013 1674 Hypothesium
1043 1606 1176 1672 corpore
1210 1592 1285 1648 aute

131 1685 243 1770 ipsum
279 1685 495 1752 Theocritum
528 1684 649 1752 relicto.
695 1691 934 1764 Schueserusa.
972 1687 1051 1751 1809
1081 1685 1241 1774 quaedam
1268 1707 1285 1748 e

130 1789 336 1872 conjectura
351 1761 509 1852 correxit.
555 1791 745 1866 Gaissordus
756 1788 876 1876 (Poett.
894 1789 996 1853 Minu.
1015 1785 1088 1851 Vol
1106 1803 1143 1849 11.
1164 1787 1285 1850 Oxonii

136 1889 238 1972 1816,
266 1913 341 1978 rep.
367 1889 501 1977 Lipsiae
527 1892 621 1968 1823t
642 1915 660 1956 e
685 1892 853 1968 codicibus
877 1875 1005 1955 addidit
1027 1888 1221 1977 hypotheses
1244 1887 1285 1952 ad

133 1989 184 2054 ld.
206 2009 317 2056 xvnl.
328 2042 337 2076 ,
360 2013 443 2079 quae
462 1991 534 2076 jam
559 1995 644 2058 inter
666 1993 796 2059 Scholia
818 1994 968 2076 extabat,
986 2000 1055 2056 tum
1073 1989 1115 2055 ad
1133 1990 1183 2054 Id.
1198 2005 1284 2054 xxu.

135 2107 241 2158 xxm.
277 2097 420 2180 [xxvnt.
453 2097 583 2179 xx1X.],
624 2118 705 2184 quas
738 2095 916 2187 Wartonus
951 2094 1041 2181 prior
1073 2093 1178 2156 alieno
1213 2091 1283 2156 loco

138 2194 312 2278 ediderat,
336 2195 422 2260 idem
441 2218 459 2260 e
478 2194 572 2261 libris
588 2200 655 2262 suis
670 2199 794 2262 veriam
811 2196 983 2262 lectionem
1001 2195 1156 2283 subjecit,
1178 2195 1285 2258 minus

137 2305 252 2362 11111111
272 2295 452 2382 diligenter
468 2297 683 2384 (potissitum
703 2299 983 2388 ad·Hypotheses)
1009 2320 1105 2386 quam
1123 2305 1237 2385 postea
1250 2297 1285 2360 in

139 2395 305 2482 Scholiis,
329 2407 459 2483 praeter
479 2397 567 2463 Valt-
593 2407 683 2468 1-6
706 2401 874 2468 codicibus
892 2407 934 2466 A.
950 2401 988 2467 B.
1007 2400 1094 2465 haud
1116 2399 1213 2464 dubie
1236 2420 1286 2464 se·

140 2503 295 2568 cundum
322 2509 511 2574 collationes
536 2504 758 2572 Dorvillianas
788 2526 882 2587 usus,
916 2515 1078 2591 postremo
1110 2501 1223 2566 codice
1248 2524 1283 2588 y,

139 2607 238 2691 cujus
271 2609 404 2677 collatio
439 2619 471 2676 et
504 2613 590 2676 inter
620 2605 851 2672 Sanctamandi
879 2611 990 2694 copias
1016 2602 1105 2670 ex'tat
1134 2612 1165 2668 et
1199 2605 1285 2668 inter

140 2703 314 2778 Dorvillii.
359 2719 556 2792 1111111111ρὶ11
577 2735 606 2775 1.
627 2711 723 2792 1819,
745 2711 800 2794 qui
815 2709 1049 2795 Prolegomena
1067 2717 1100 2772 et
1116 2705 1283 2794 Hypothe-

143 2833 196 2878 ses
219 2817 389 2882 universis
412 2814 544 2880 scholiis
563 2811 745 2902 praemisit,
769 2811 934 2875 Gaisfordi
958 2810 1099 2876 editione
1120 2831 1184 2874 non
1205 2830 1283 2872 usus

144 2925 194 2978 est
215 2917 281 2981 nisi
303 2917 347 2981 ad
367 2903 470 2982 nbvas
492 2915 566 2981 illas
588 2913 783 3003 hypotheses
802 2911 878 2977 inde
904 2915 1112 3000 repetendam
1141 2912 1212 2998 ipse
1242 2931 1285 2975 ex

146 3015 323 3082 collatione
352 3019 473 3083 codicis
504 3043 536 3084 v.
564 3015 811 3104 Hypothesibus
837 3017 962 3081 variam
993 3015 1162 3079 lectionem
1195 3013 1283 3100 adje-

145 3120 199 3182 cit.
245 3119 285 3184 ln
318 3120 460 3185 editione
490 3126 751 3185 Amstelodomensi
776 3139 805 3182 a.
839 3119 915 3182 1820
948 3117 1020 3201 (ubi
1048 3114 1284 3199 Prolegomena

145 3221 350 3286 Scholiorum
375 3224 503 3310 corpori
523 3221 684 3309 praefixa,
712 3220 908 3308 hypotheses
931 3218 1061 3284 scholiis
1090 3217 1132 3281 ad
1155 3214 1285 3300 singula

63 3355 71 3380 ·
145 3322 278 3410 idyllia)
312 3323 518 3389 reductiones
548 3323 769 3411 Stephaniana
804 3333 836 3387 et
869 3321 1130 3386 Valckenariana
1163 3325 1284 3380 temere

143 3427 269 3490 mixtae
285 3436 377 3509 sunt,
395 3439 538 3492 ceterum
555 3426 595 3490 de
611 3427 672 3502 hac
691 3426 832 3490 editione
850 3422 918 3490 vid.
935 3428 964 3504 ξ.
977 3433 1003 3488 1.
1030 3427 1187 3492 6111111111.
1204 3427 1282 3490 1828

142 3526 344 3616 hypotheses
365 3531 401 3593 in
424 3527 553 3613 singula
574 3528 690 3616 idyllia
713 3526 903 3616 dispertitus
923 3526 957 3590 in
972 3535 1064 3590 textu
1080 3525 1282 3616 Kiesslingio

143 3627 310 3712 adhaesit,
330 3632 396 3694 nisi
417 3630 504 3718 quod
524 3629 761 3717 Prolegomeua
783 3651 826 3693 ex
846 3627 939 3693 llbris
958 3627 1115 3693 Parisinis
1137 3633 1230 3696 auxit
1251 3641 1283 3697 et

142 3731 289 3796 indidem
316 3731 551 3848 hypothesibus
579 3732 664 3798 levia
699 3731 858 3818 quaedam
895 3729 1119 3796 additamenta
1146 3734 1283 3822 adjecit,

144 3833 259 3898 melius
289 3836 408 3898 meruit
435 3835 528 3900 varia
549 3836 687 3899 lectione
710 3855 753 3898 ex
775 3845 867 3921 parte
889 3833 1037 3898 codicum
1058 3833 1281 3901 Parisinorum

143 3935 348 4024 apponenda.
379 3941 609 4000 Meioelriosa.
635 3937 715 4000 1836
743 3937 840 4000 tacite
862 3934 1020 4024 quaedam
1045 3939 1184 4004 mutavit
1203 3938 1281 4003 Gai-

142 4037 238 4104 lianis
262 4039 368 4125 copiis
390 4060 455 4102 non
475 4040 580 4123 magis
599 4060 678 4102 usus
697 4059 793 4125 quam
816 4043 901 4118 Ze'eyl
900 4061 970 4103 crus
991 4059 1020 4102 a.
1045 4041 1141 4124 1811,
1170 4039 1280 4126 quiin

143 4141 200 4206 hac
229 4151 325 4228 parte
354 4144 461 4227 operis
490 4139 596 4205 levius
623 4150 772 4207 versatus
800 4140 880 4205 nihil
911 4141 987 4205 novi
1013 4141 1122 4206 attulit
1150 4149 1280 4226 praetor

142 4243 299 4310 lectiones
320 4242 478 4330 quasdam
494 4264 537 4308 ex
555 4241 724 4307 Vaticanis
746 4247 778 4310 3.
799 4248 829 4306 5.
856 4245 902 4306 12.
924 4242 966 4306 ad
986 4241 1129 4330 Hypoth.
1152 4239 1279 4304 1111111.

140 4345 317 4411 owttcm's
344 4366 376 4409 a.
404 4346 480 4410 1849
503 4343 739 4430 Prolegomena
763 4354 794 4410 et
816 4343 1023 4432 Hypotheses
1045 4365 1118 4407 cum
1141 4339 1279 4408 Scholiis

139 4447 252 4514 eodem
275 4447 375 4514 modo
396 4447 567 4536 conjunxit
587 4457 684 4532 atque
706 4449 740 4512 in
756 4449 859 4513 Amet.
879 4449 1018 4530 factum,
1032 4449 1077 4510 in
1096 4451 1189 4508 textu
1210 4444 1280 4512 fere
