2946 5046
206 381 291 438 LXVl
690 379 899 434 emersere.

208 560 254 624 lia
275 567 386 624 extare
409 559 556 640 videtur,
583 559 616 622 in
640 558 739 622 tertia
760 579 780 620 a
803 557 981 621 recentiore
1000 555 1110 643 aliquo
1133 577 1177 620 ex
1199 553 1367 620 vetustio·

206 662 298 727 ribus
321 661 414 726 libris
438 661 490 724 vel
516 681 558 725 ex
579 660 712 745 ingenio
733 658 876 724 subinde
892 669 1027 724 mutata.

294 765 328 848 2)
371 766 553 842 Hypothcses
575 763 804 847 plerorumque
831 760 992 826 editorum
1017 757 1203 844 exemplum
1227 765 1367 822 secutus

149 921 154 932 ,
209 867 243 930 in
269 885 368 928 unum
395 883 512 948 eorpus
535 863 726 948 conjunctas
754 862 853 926 edere
885 861 986 926 malui
1018 884 1116 952 quam
1148 859 1286 925 scholiis
1321 857 1365 920 ad

210 965 342 1050 singula
362 963 478 1051 idyllia
497 963 677 1050 praelixas,
701 965 781 1049 quia
801 971 1013 1050 utrorumque
1028 973 1206 1051 apparatus
1224 961 1367 1026 criticus
1458 973 1459 998 ³

209 1066 307 1131 laide
330 1066 480 1130 diversus
503 1073 563 1128 est.
608 1061 691 1126 Nam
713 1064 914 1150 hypotheses
931 1067 963 1127 in
985 1064 1097 1128 multis
1120 1060 1215 1128 libris
1239 1073 1272 1126 et
1295 1081 1367 1124 ma·

209 1167 386 1253 nuscriptis
408 1175 441 1230 et
463 1167 630 1253 impressis
658 1173 788 1247 extem,
810 1187 895 1252 quae
919 1165 1051 1230 scholiis
1074 1173 1203 1245 carent;
1227 1162 1287 1226 alii
1312 1183 1367 1226 co·

211 1270 318 1348 dices,
339 1287 439 1353 quum
462 1277 601 1353 utraque
623 1277 772 1349 teneant,
796 1268 838 1330 ad
861 1265 965 1330 altera
985 1287 1049 1330 non
1072 1265 1184 1330 collati
1207 1273 1286 1328 sunt
1307 1271 1367 1326 aut

210 1368 400 1433 collationes
423 1389 488 1432 non
509 1368 700 1453 evulgatae3
723 1368 864 1454 denique
884 1367 1020 1452 vulgata
1042 1367 1241 1432 scholiorum
1265 1363 1367 1428 lectio

212 1491 254 1550 ex
277 1467 360 1534 Call.
386 1469 534 1554 proiecta
553 1481 604 1534 est
624 1471 695 1534 siue
714 1468 783 1533 ulla
801 1470 949 1535 codicum
973 1471 1269 1556 manuscriptorum
1290 1485 1367 1551 ope,

212 1579 325 1637 contra
350 1569 579 1655 hypothesium
602 1561 623 1634 a
645 1569 864 1635 Valckenario
887 1579 1017 1657 praeter
1038 1571 1264 1635 recensionem
1291 1567 1365 1630 Cri-

212 1673 395 1759 spiuianam
412 1671 553 1736 editione
570 1671 728 1757 Calliergi
748 1679 779 1734 et
798 1672 911 1736 codice
927 1671 967 1735 N.
984 1693 1055 1736 uso.
1086 1669 1246 1735 Familias
1265 1667 1366 1732 libro·

213 1795 286 1838 rum
309 1773 342 1838 iu
362 1771 599 1859 hypothesibus
618 1780 770 1838 accurate
792 1773 994 1858 distinguere
1017 1772 1151 1858 longum
1173 1779 1279 1836 estet
1300 1769 1366 1832 dis·
1460 1761 1461 1770 ’

214 1874 315 1956 fieile,
345 1875 423 1960 quia
447 1872 541 1937 multi
570 1871 681 1940 eorum
710 1897 815 1960 neque
844 1877 877 1938 in
907 1875 1058 1942 omnibus
1087 1875 1187 1938 unius
1219 1869 1367 1935 familiae

216 1985 292 2040 sunt
314 1997 374 2038 nec
402 1997 475 2040 raro
498 1977 533 2038 in
555 1974 696 2060 singulis
719 1976 942 2040 recensionem
964 1977 1099 2040 mixtam
1121 1973 1255 2040 hebent.
1301 1969 1367 2034 Ne·

216 2099 278 2164 que
301 2078 324 2140 ii
348 2075 493 2157 codices,
520 2076 576 2162 qui
598 2077 696 2140 etiam
718 2075 842 2140 scholia
861 2085 989 2160 tenent,
1012 2099 1142 2163 semper
1162 2077 1197 2140 in
1217 2074 1368 2158 utrisque
1461 2131 1462 2156 ,

216 2177 363 2264 ejusdem
388 2176 531 2240 familiae
550 2183 641 2258 sunt,
664 2179 786 2264 quippe
805 2176 917 2242 alteris
937 2177 1024 2242 haud
1041 2201 1116 2243 raro
1132 2199 1176 2241 ex
1195 2174 1260 2240 alio
1276 2174 1368 2238 fonte
1461 2197 1462 2204 ¹

216 2279 353 2344 haustis.
398 2278 629 2365 llloschopulus
658 2279 756 2342 etiam
784 2278 981 2366 hypotheses
1012 2281 1203 2363 neglexisse
1235 2275 1368 2340 videtur

218 2381 265 2464 (in
286 2380 401 2464 Lips.“·
422 2401 504 2466 quae
524 2379 611 2444 solae
635 2388 749 2444 extant
771 2381 813 2445 ad
834 2380 884 2444 ld.
900 2396 923 2442 1.
944 2389 976 2444 et
994 2396 1063 2462 ιιι,
1081 2379 1278 2444 recentioris
1299 2397 1366 2440 ma·

218 2501 279 2544 nus
302 2482 393 2564 sunt)
420 2503 526 2568 neque
542 2480 712 2574 ⁸Planudes
734 2481 788 2545 vel
809 2481 987 2546 Triclinius
1011 2481 1079 2546 sere
1102 2481 1271 2568 propriam
1293 2499 1368 2564 ope-

217 2603 286 2646 ram
311 2581 518 2666 impendisse.
564 2583 717 2648 Ceterum
738 2575 948 2670 Hypdtheses
971 2584 1013 2650 ab
1033 2582 1255 2648 Eratosthene
1270 2577 1367 2642 Scho-

218 2680 332 2770 lastico
354 2684 560 2769 potissimum
579 2687 764 2770 conscripta
785 2685 892 2750 videri
915 2706 1016 2771 supra
1037 2685 1271 2750 indicavimus.

304 2784 350 2867 3).
367 2789 486 2849 Glossae
506 2787 638 2850 minime
654 2788 751 2850 certis
767 2784 887 2850 linibus
910 2809 929 2850 a
946 2785 1079 2852 scholiis
1100 2785 1264 2850 discretae
1282 2793 1368 2846 sunt.

220 2883 329 2965 Quum
352 2889 437 2950 enirn
465 2886 595 2971 glossae
626 2887 691 2951 dici
721 2887 849 2952 soleant
875 2888 992 2952 breves
1021 2886 1311 2974 interpretationes
1338 2893 1371 2946 st

219 2985 504 3052 adnotatiunculae
537 2988 727 3075 plerumque
753 2992 838 3053 inter
867 2988 989 3067 lineas,
1017 2991 1124 3054 rarius
1157 2989 1192 3052 in
1221 2987 1371 3070 margine

221 3087 369 3170 additae,
397 3087 520 3154 scholia
546 3111 624 3154 vero
648 3089 824 3176 ampliores
848 3090 1083 3178 explicationes
1104 3089 1207 3174 vulgo
1229 3091 1265 3153 in
1288 3107 1372 3150 mar-

221 3191 314 3274 gine,
336 3191 443 3274 rarius
466 3191 550 3254 inter
573 3190 693 3274 lineas,
717 3189 891 3277 aliquoties
910 3191 1009 3256 etiam
1031 3193 1065 3254 in
1091 3191 1255 3278 separatis
1277 3187 1371 3252 libris

142 3361 145 3368 ⁴
220 3289 412 3376 partibusve
436 3291 592 3356 librorum
613 3293 769 3378 scriptae,
795 3305 931 3380 apparet
952 3293 1040 3357 haud
1061 3313 1168 3379 pauca
1190 3293 1225 3356 in
1249 3299 1371 3355 utram-

223 3413 286 3477 que
309 3401 432 3477 partem
456 3394 541 3458 trahi
564 3415 676 3482 possc3
699 3417 760 3458 nec
781 3417 856 3458 raro
881 3396 934 3458 vel
958 3392 1082 3459 scholia
1102 3395 1136 3458 in
1161 3391 1292 3479 glossas
1315 3413 1370 3454 ex·

222 3505 334 3578 carpta
353 3503 429 3557 sunt
445 3495 497 3585 vel
518 3495 647 3580 glossae
662 3497 695 3558 in
715 3494 840 3560 scholia
854 3505 1016 3582 receptae.
1061 3493 1173 3576 Quum
1195 3515 1276 3562 uero
1293 3493 1370 3558 Gai-

223 3592 259 3657 lii
283 3603 315 3655 et
336 3593 505 3658 Duebncri
535 3596 693 3682 exemplis
716 3595 839 3661 relictis
861 3596 988 3682 glossas
1011 3619 1031 3660 a
1058 3595 1192 3662 scholiis
1217 3615 1371 3682 separau-

224 3691 283 3756 das
300 3693 518 3778 judicassem,
540 3699 610 3782 ipse
630 3697 688 3761 has
708 3698 916 3762 discernendi
935 3719 1066 3762 normas
1086 3706 1219 3763 secutus
1241 3717 1329 3760 sum:

308 3793 341 3879 a)
372 3794 463 3860 luter
486 3799 610 3864 scholia
631 3801 742 3886 posui,
764 3821 977 3886 quaeeunque
999 3799 1051 3863 vel
1076 3801 1110 3864 in
1131 3799 1276 3864 editione
1291 3795 1372 3860 ‚cal-

224 3894 385 3980 licrgiana
403 3896 455 3961 vel
476 3900 510 3962 in
525 3899 636 3966 codice
656 3899 846 3965 Generensi
861 3899 1029 3985 leguntur,
1046 3921 1109 3987 quo
1126 3899 1283 3964 librorum
1304 3897 1370 3960 illo·

225 4017 295 4060 rum
327 3997 406 4062 ordo
435 3998 564 4066 facilius
595 4001 1066 4089 perspiceretur,-quanquam
1095 4000 1225 4065 illorum
1248 4010 1370 4088 partem

226 4121 269 4162 ex
284 4097 403 4182 glossis
421 4122 572 4165 rrrarrassc
589 4105 668 4166 satis
685 4113 837 4190 apparet,
855 4114 923 4168 tum
938 4124 1022 4190 quae
1039 4102 1216 4168 Wartonus
1232 4111 1265 4166 et
1277 4101 1372 4165 Gais-

226 4199 339 4265 fordus
365 4223 409 4265 ex
435 4203 603 4266 codicibus
631 4216 785 4291 tanquam
810 4205 934 4270 scholia
955 4202 1176 4291 protulemut3
1199 4213 1372 4290 postremo,

227 4323 311 4387 quae
332 4301 442 4390 Lips.‚
466 4313 498 4367 et
519 4301 673 4390 pleraque
693 4325 822 4389 eorum,
845 4327 928 4392 quae
951 4315 1033 4370 teste
1054 4303 1163 4370 Gallio
1179 4303 1322 4368 Parisiui
1339 4305 1373 4366 iu

227 4406 374 4490 margine
397 4405 528 4470 habeut.
