2968 5060
591 377 802 427 recursum.
1208 389 1270 437 XIX

113 525 289 612 quaedem
310 527 449 590 inventa
477 547 550 591 esse
573 531 714 608 Scaliger
738 530 896 615 affimat,
926 533 991 599 alio
1019 534 1089 600 loeo
1112 535 1267 604 dicemus.

112 634 230 693 Andr.
244 635 375 696 Schottm
394 632 430 696 in
446 632 636 700 Observatt.
654 636 742 701 hum.
762 637 801 702 L.
821 639 867 722 ΙΙ,
888 663 916 704 c.
932 641 984 704 46.
1001 663 1089 728 seqq.
1107 643 1150 728 (a.
1170 645 1266 728 1615)

112 733 252 822 aliquot
271 736 428 802 lectiones
449 739 560 823 affert,
584 765 665 830 quas
687 766 705 808 e
726 745 839 810 codice
861 745 1020 812 Toletano
1040 745 1172 812 haustas
1194 771 1267 816 esse

108 843 306 929 profitetur.
350 849 418 908 Nic.
435 849 632 914 &tanetus
651 852 685 915 in
706 851 851 918 editione
865 851 981 916 Bionis
1004 861 1037 917 et
1053 853 1182 918 Moschi
1199 855 1266 920 Au·

112 959 270 1034 gustans
304 950 417 1016 codice
445 951 600 1040 Europae
630 957 803 1024 Moscheac
832 979 911 1024 usus
942 966 1008 1042 est,
1044 960 1130 1024 unde
1162 983 1268 1048 pauca

114 1057 303 1143 excerpsit

220 1162 250 1247 2)
278 1161 393 1228 Paullo
423 1163 581 1251 largiores
607 1168 817 1234 collationum
838 1173 949 1259 copias
971 1176 1112 1240 Reislo'us
1132 1172 1186 1239 vel
1209 1173 1266 1238 ad·

115 1267 241 1332 hibuit
264 1269 315 1334 sel
336 1268 512 1356 evulgavit
533 1273 608 1338 has:

219 1375 251 1460 a)
277 1373 407 1440 Codicis
428 1381 523 1457 lips*
546 1381 673 1445 variam
693 1379 881 1464 lectionem,
899 1402 994 1468 quem
1016 1381 1142 1447 Leichit
1165 1383 1263 1449 colla·

116 1481 221 1546 tione
241 1480 375 1545 editioni
396 1483 580 1550 Oxoniensi
604 1505 634 1548 a.
662 1488 742 1549 1676
768 1485 935 1574 adscripta
956 1508 1035 1552 usus
1057 1499 1171 1576 postea
1191 1491 1263 1577 ipse

120 1595 329 1651 excusserat.

216 1693 252 1776 b)
283 1690 432 1773 Quatuor
455 1694 603 1762 codicum
625 1698 847 1763 Mediceorum
869 1695 1074 1764 collationem
1096 1721 1116 1764 a
1138 1700 1262 1769 Theod.

121 1797 307 1863 Laurentio
335 1799 417 1865 Abr.
452 1800 610 1868 Gronovii
636 1813 754 1889 patruo
777 1804 961 1868 confectam
982 1804 1080 1869 huius
1104 1805 1264 1874 beneficio

122 1917 309 1993 acceperat.
354 1905 469 1971 Facile
493 1916 627 1994 apparet
642 1909 817 1973 Reiskium
839 1929 881 1972 ex
903 1931 943 1973 ea
964 1909 1138 1976 collatione
1160 1935 1266 2000 pauca

124 2033 233 2098 eaque
255 2013 335 2076 satis
360 2010 568 2096 negligenter
587 2013 802 2100 excerpsisse.
847 2013 984 2079 Minime
1006 2015 1184 2084 Laurentio
1207 2023 1263 2085 tri·

122 2117 185 2182 bui
205 2125 329 2206 potest,
357 2117 445 2205 quod
467 2118 555 2182 haud
578 2141 650 2184 raro
672 2119 782 2208 aliqua
802 2119 899 2186 lectio
922 2121 957 2187 in
984 2123 1112 2187 duobus
1133 2125 1185 2190 vel
1207 2127 1262 2189 tri-

123 2226 190 2290 bns
211 2226 341 2292 illorum
363 2224 514 2288 codicum
535 2237 649 2291 extare
671 2227 826 2306 traditur,
862 2227 1000 2314 singulis
1023 2249 1089 2293 non
1112 2230 1262 2317 designa·

123 2333 180 2415 tis,
202 2331 256 2396 sel
275 2332 364 2420 qssod
386 2354 498 2396 omnes
517 2344 657 2420 quatuor
676 2356 734 2420 pru
754 2356 819 2398 uno
838 2343 955 2421 quarto
976 2336 1202 2421 nominentur,
1224 2350 1260 2405 ut

124 2437 373 2520 1n1,59.100.
395 2441 429 2502 in
453 2440 647 2506 lectionibus
669 2435 758 2524 μάλα
776 2462 827 2504 τοι
848 2434 1014 2523 πρόφρων
1035 2449 1068 2506 et
1089 2427 1190 2520 αὖθις
1212 2446 1261 2509 fa·

123 2553 228 2625 ctum,
248 2543 390 2631 denique
409 2543 497 2630 quod
516 2544 601 2610 aliae
617 2547 766 2612 codicum
781 2545 1037 2635 permutationes
1056 2551 1259 2615 commissae.

125 2649 281 2714 Ceterum
304 2657 430 2714 certum
452 2660 519 2733 est,
541 2651 669 2718 Reiskii
691 2653 778 2718 Med.
803 2657 832 2719 3.
857 2675 929 2718 esse
947 2673 997 2736 pn,
1017 2651 1107 2720 Med.
1129 2659 1160 2720 4.
1182 2679 1261 2722 vero

121 2777 147 2820 s.
192 2755 245 2819 De
273 2757 377 2842 primo
410 2767 443 2822 et
472 2762 615 2822 secundo
637 2761 744 2824 minus
767 2768 920 2847 apparet,
954 2760 1033 2847 quia
1062 2759 1102 2824 dc
1125 2762 1261 2849 reliquis

122 2861 296 2926 codicibus
316 2862 551 2929 Laurentianis
578 2888 694 2954 parum
716 2875 857 2949 constat,
887 2889 992 2954 neque
1022 2889 1074 2932 res
1096 2868 1180 2932 tanti
1203 2877 1261 2951 est,

122 2979 161 3032 ut
181 2969 370 3033 coniectura
391 2971 440 3034 uti
461 2968 572 3034 libeat.
617 2970 724 3038 Hodie
746 2973 832 3035 enim
853 2972 943 3036 solae
961 2972 1086 3059 aliquot
1104 2971 1261 3037 lectiones

122 3097 166 3138 ex
186 3097 212 3137 s.
236 3083 386 3139 enotatas
409 3097 516 3162 neque
536 3075 667 3141 aliunde
688 3079 838 3162 cognitae
860 3077 986 3164 aliquid
1008 3079 1105 3165 pretii
1127 3077 1258 3142 habent.

212 3179 246 3262 3)
278 3179 307 3243 Ε
334 3179 535 3247 bibliotheca
563 3181 673 3246 ducali
692 3179 892 3246 Vimariensi
915 3181 1073 3246 Reiskins
1094 3183 1261 3266 exemplar

124 3285 280 3351 editionis
310 3286 589 3352 Commelinianae
621 3289 769 3376 accepit,
802 3288 856 3351 cui
887 3287 940 3350 vir
971 3285 1103 3374 quidam
1137 3285 1261 3368 doctus,

125 3415 225 3480 quem
253 3393 437 3458 (derandum
464 3393 747 3482 Fallrcnburgium
774 3393 879 3456 fuisse
907 3393 1107 3478 suspicatur,
1141 3401 1173 3457 et
1194 3393 1259 3458 alia

123 3499 220 3564 utilia
238 3497 459 3584 adscripscrat
481 3507 513 3564 et
533 3501 660 3568 variam
678 3500 851 3565 lectionem
874 3497 996 3564 codicis
1016 3499 1165 3588 Stopiani
1184 3521 1257 3565 cum

122 3606 241 3692 paucis
269 3604 464 3670 lectionibus
487 3605 635 3674 codicum
663 3605 702 3669 F.
727 3605 841 3671 Ursini
868 3613 901 3670 ct
921 3603 1085 3671 Sambuci.
1129 3603 1184 3668 Ex
1205 3627 1256 3670 eo-

124 3711 201 3776 dem
223 3709 306 3774 libro
323 3709 524 3776 Vimaricnsi
545 3719 642 3778 antea
657 3711 830 3777 Niclasius-
844 3714 878 3776 in
897 3719 1134 3798 programmate
1151 3709 1257 3776 Lune-

124 3816 281 3902 burgensi
303 3837 332 3881 a.
358 3822 440 3883 1764
464 3818 651 3904 speciminis
674 3839 774 3882 causa
795 3839 901 3905 pauca
921 3817 1109 3905 protulerat.

208 3921 242 4002 3)
272 3927 434 3988 Worlonus
454 3923 489 3986 in
510 3922 652 3987 editione
674 3945 732 3987 sua
751 3931 882 4008 praeter
902 3921 1201 3988 Sanctamandiana
1222 3922 1258 3985 in

122 4027 264 4092 medium
291 4027 369 4092 tulit
396 4025 587 4091 collationes
614 4027 764 4092 codicum
787 4029 1061 4095 Baroccienorum
1082 4035 1114 4091 et
1134 4027 1257 4092 Laudi-

34 4173 39 4186 ·
123 4135 192 4212 ani,
214 4155 295 4221 quos
318 4135 390 4220 ipse
414 4129 510 4198 solita
529 4131 729 4218 negligentia
755 4145 961 4220 excusserat,
984 4143 1053 4199 tum
1076 4132 1256 4216 Harleiani,

123 4263 215 4328 quem
245 4237 429 4304 Swithinus
449 4238 542 4304 Adeo
571 4237 752 4304 contulerat
780 4263 885 4327 neque
912 4249 1105 4306 accentuum
1132 4241 1258 4304 ratione

122 4347 231 4412 habita
252 4367 364 4431 neque
384 4349 419 4412 in
438 4348 555 4412 ceteris
576 4344 785 4410 laudabilius.

203 4455 236 4536 4)
270 4456 494 4518 Valckenarius
522 4462 714 4539 apparatum
737 4452 885 4517 criticum
907 4451 1021 4537 paucis
1045 4448 1140 4586 nopvis
1162 4446 1258 4514 colla·

1052 4552 1072 4610 b
