<?xml version="1.0" encoding="UTF-8"?>
<!DOCTYPE html PUBLIC "-//W3C//DTD XHTML 1.0 Transitional//EN"
    "http://www.w3.org/TR/xhtml1/DTD/xhtml1-transitional.dtd">
<html xmlns="http://www.w3.org/1999/xhtml" xml:lang="en" lang="en">
 <head>
  <title>
</title>
<meta http-equiv="Content-Type" content="text/html;charset=utf-8" />
  <meta name='ocr-system' content='tesseract 3.04.00' />
  <meta name='ocr-capabilities' content='ocr_page ocr_carea ocr_par ocr_line ocrx_word'/>
</head>
<body>
  <div class='ocr_page' id='page_1' title='image "./bucolicorumgrae00theogoog_0016.png"; bbox 0 0 2968 5060; ppageno 0'>
   <div class='ocr_carea' id='block_1_1' title="bbox 596 407 1279 459">
    <p class='ocr_par' dir='ltr' id='par_1_1' title="bbox 596 407 1279 459">
     <span class='ocr_line' id='line_1_1' title="bbox 596 407 1279 459; baseline 0.007 -5"><span class='ocrx_word' id='word_1_1' title='bbox 596 407 806 456; x_wconf 65' lang='lat' dir='ltr'><strong>Patauium.</strong></span> <span class='ocrx_word' id='word_1_2' title='bbox 1240 410 1279 459; x_wconf 81' lang='lat' dir='ltr'><strong>xl</strong></span> 
     </span>
    </p>
   </div>
   <div class='ocr_carea' id='block_1_2' title="bbox 131 559 1280 3947">
    <p class='ocr_par' dir='ltr' id='par_1_2' title="bbox 131 559 1280 2118">
     <span class='ocr_line' id='line_1_2' title="bbox 131 559 1279 648; baseline 0.003 -24"><span class='ocrx_word' id='word_1_3' title='bbox 131 561 225 646; x_wconf 83' lang='lat' dir='ltr'><strong>tigit,</strong></span> <span class='ocrx_word' id='word_1_4' title='bbox 252 567 290 624; x_wconf 90' lang='lat' dir='ltr'><strong>ut</strong></span> <span class='ocrx_word' id='word_1_5' title='bbox 318 561 480 625; x_wconf 87' lang='lat' dir='ltr'><strong>thesauro</strong></span> <span class='ocrx_word' id='word_1_6' title='bbox 510 581 568 625; x_wconf 88' lang='lat' dir='ltr'><strong>suo</strong></span> <span class='ocrx_word' id='word_1_7' title='bbox 597 563 677 626; x_wconf 85' lang='lat' dir='ltr'><strong>satio</strong></span> <span class='ocrx_word' id='word_1_8' title='bbox 705 560 878 626; x_wconf 81' lang='lat' dir='ltr'><strong>frueretur.</strong></span> <span class='ocrx_word' id='word_1_9' title='bbox 924 559 1020 626; x_wconf 84' lang='lat' dir='ltr'><strong>Unde</strong></span> <span class='ocrx_word' id='word_1_10' title='bbox 1049 581 1148 647; x_wconf 92' lang='lat' dir='ltr'><strong>quum</strong></span> <span class='ocrx_word' id='word_1_11' title='bbox 1172 583 1279 648; x_wconf 89' lang='lat' dir='ltr'><strong>pauca</strong></span> 
     </span>
     <span class='ocr_line' id='line_1_3' title="bbox 133 657 1278 755; baseline 0.003 -23"><span class='ocrx_word' id='word_1_12' title='bbox 133 669 353 755; x_wconf 79' lang='lat' dir='ltr'>prompsisset</span> <span class='ocrx_word' id='word_1_13' title='bbox 372 667 409 732; x_wconf 93' lang='lat' dir='ltr'><strong>in</strong></span> <span class='ocrx_word' id='word_1_14' title='bbox 428 666 546 733; x_wconf 92' lang='lat' dir='ltr'><strong>Vanno</strong></span> <span class='ocrx_word' id='word_1_15' title='bbox 575 667 700 734; x_wconf 83' lang='lat' dir='ltr'><strong>Critiae</strong></span> <span class='ocrx_word' id='word_1_16' title='bbox 706 717 715 750; x_wconf 95' lang='lat'><strong>,</strong></span> <span class='ocrx_word' id='word_1_17' title='bbox 739 668 775 732; x_wconf 88' lang='lat' dir='ltr'><strong>in</strong></span> <span class='ocrx_word' id='word_1_18' title='bbox 797 666 1094 734; x_wconf 87' lang='lat' dir='ltr'><strong>Observationibus</strong></span> <span class='ocrx_word' id='word_1_19' title='bbox 1115 657 1278 736; x_wconf 86' lang='lat' dir='ltr'><strong>Miscella-</strong></span> 
     </span>
     <span class='ocr_line' id='line_1_4' title="bbox 132 771 1279 862; baseline 0.002 -22"><span class='ocrx_word' id='word_1_20' title='bbox 132 777 223 858; x_wconf 89' lang='lat' dir='ltr'><strong>neis,</strong></span> <span class='ocrx_word' id='word_1_21' title='bbox 258 773 302 838; x_wconf 87' lang='lat' dir='ltr'><strong>ed</strong></span> <span class='ocrx_word' id='word_1_22' title='bbox 330 771 563 857; x_wconf 86' lang='lat' dir='ltr'><strong>Charitonem,</strong></span> <span class='ocrx_word' id='word_1_23' title='bbox 596 782 698 839; x_wconf 87' lang='lat' dir='ltr'><strong>morto</strong></span> <span class='ocrx_word' id='word_1_24' title='bbox 728 773 885 860; x_wconf 90' lang='lat' dir='ltr'><strong>abreptus</strong></span> <span class='ocrx_word' id='word_1_25' title='bbox 920 782 986 857; x_wconf 91' lang='lat' dir='ltr'><strong>est,</strong></span> <span class='ocrx_word' id='word_1_26' title='bbox 1018 775 1206 862; x_wconf 77' lang='lat' dir='ltr'><strong>priusquam</strong></span> <span class='ocrx_word' id='word_1_27' title='bbox 1234 777 1279 842; x_wconf 87' lang='lat' dir='ltr'><strong>ad</strong></span> 
     </span>
     <span class='ocr_line' id='line_1_5' title="bbox 133 879 1277 970; baseline 0.001 -24"><span class='ocrx_word' id='word_1_28' title='bbox 133 883 242 968; x_wconf 79' lang='lat' dir='ltr'><strong>ipsam</strong></span> <span class='ocrx_word' id='word_1_29' title='bbox 270 881 451 946; x_wconf 75' lang='lat' dir='ltr'>editionem</span> <span class='ocrx_word' id='word_1_30' title='bbox 473 879 697 944; x_wconf 82' lang='lat' dir='ltr'><strong>adornandam</strong></span> <span class='ocrx_word' id='word_1_31' title='bbox 719 881 917 966; x_wconf 87' lang='lat' dir='ltr'><strong>perveniret.</strong></span> <span class='ocrx_word' id='word_1_32' title='bbox 965 879 1067 946; x_wconf 77' lang='lat' dir='ltr'><strong>Cuius</strong></span> <span class='ocrx_word' id='word_1_33' title='bbox 1089 893 1277 970; x_wconf 86' lang='lat' dir='ltr'><strong>apparatus,</strong></span> 
     </span>
     <span class='ocr_line' id='line_1_6' title="bbox 133 985 1278 1074; baseline 0.002 -22"><span class='ocrx_word' id='word_1_34' title='bbox 133 988 234 1052; x_wconf 84' lang='lat' dir='ltr'><strong>etiam</strong></span> <span class='ocrx_word' id='word_1_35' title='bbox 265 988 300 1052; x_wconf 91' lang='lat' dir='ltr'><strong>in</strong></span> <span class='ocrx_word' id='word_1_36' title='bbox 327 985 413 1052; x_wconf 86' lang='lat' dir='ltr'><strong>alias</strong></span> <span class='ocrx_word' id='word_1_37' title='bbox 441 995 554 1074; x_wconf 87' lang='lat' dir='ltr'><strong>partes</strong></span> <span class='ocrx_word' id='word_1_38' title='bbox 588 985 766 1070; x_wconf 79' lang='lat' dir='ltr'><strong>largissimi</strong></span> <span class='ocrx_word' id='word_1_39' title='bbox 802 987 960 1072; x_wconf 83' lang='lat' dir='ltr'><strong>(maxime</strong></span> <span class='ocrx_word' id='word_1_40' title='bbox 996 989 1029 1054; x_wconf 94' lang='lat' dir='ltr'><strong>in</strong></span> <span class='ocrx_word' id='word_1_41' title='bbox 1058 986 1278 1074; x_wconf 86' lang='lat' dir='ltr'><strong>Anthologiae</strong></span> 
     </span>
     <span class='ocr_line' id='line_1_7' title="bbox 134 1091 1278 1179; baseline 0.003 -21"><span class='ocrx_word' id='word_1_42' title='bbox 134 1093 286 1158; x_wconf 76' lang='lat' dir='ltr'><strong>edendae</strong></span> <span class='ocrx_word' id='word_1_43' title='bbox 307 1093 442 1177; x_wconf 85' lang='lat' dir='ltr'><strong>usum),</strong></span> <span class='ocrx_word' id='word_1_44' title='bbox 478 1114 576 1179; x_wconf 90' lang='lat' dir='ltr'><strong>quum</strong></span> <span class='ocrx_word' id='word_1_45' title='bbox 609 1091 665 1156; x_wconf 92' lang='lat' dir='ltr'><strong>diu</strong></span> <span class='ocrx_word' id='word_1_46' title='bbox 695 1091 785 1178; x_wconf 85' lang='lat' dir='ltr'><strong>apud</strong></span> <span class='ocrx_word' id='word_1_47' title='bbox 805 1092 944 1158; x_wconf 90' lang='lat' dir='ltr'><strong>heredes</strong></span> <span class='ocrx_word' id='word_1_48' title='bbox 965 1093 1159 1178; x_wconf 87' lang='lat' dir='ltr'><strong>latuissent,</strong></span> <span class='ocrx_word' id='word_1_49' title='bbox 1192 1117 1278 1162; x_wconf 91' lang='lat' dir='ltr'><strong>anno</strong></span> 
     </span>
     <span class='ocr_line' id='line_1_8' title="bbox 137 1196 1276 1285; baseline 0.005 -22"><span class='ocrx_word' id='word_1_50' title='bbox 137 1201 221 1264; x_wconf 82' lang='lat'>1809</span> <span class='ocrx_word' id='word_1_51' title='bbox 252 1199 354 1285; x_wconf 89' lang='lat' dir='ltr'><strong>legati</strong></span> <span class='ocrx_word' id='word_1_52' title='bbox 384 1199 458 1264; x_wconf 90' lang='lat' dir='ltr'><strong>iure</strong></span> <span class='ocrx_word' id='word_1_53' title='bbox 492 1197 597 1262; x_wconf 90' lang='lat' dir='ltr'><strong>eidem</strong></span> <span class='ocrx_word' id='word_1_54' title='bbox 624 1196 842 1264; x_wconf 79' lang='lat' dir='ltr'><strong>bibliothecae</strong></span> <span class='ocrx_word' id='word_1_55' title='bbox 868 1199 1068 1268; x_wconf 87' lang='lat' dir='ltr'><strong>Bodleianae</strong></span> <span class='ocrx_word' id='word_1_56' title='bbox 1095 1213 1276 1270; x_wconf 88' lang='lat' dir='ltr'><strong>cesserunt.</strong></span> 
     </span>
     <span class='ocr_line' id='line_1_9' title="bbox 134 1302 1276 1396; baseline 0 -22"><span class='ocrx_word' id='word_1_57' title='bbox 134 1309 190 1374; x_wconf 90' lang='lat' dir='ltr'><strong>lbi</strong></span> <span class='ocrx_word' id='word_1_58' title='bbox 213 1331 254 1374; x_wconf 87' lang='lat' dir='ltr'><strong>ea</strong></span> <span class='ocrx_word' id='word_1_59' title='bbox 270 1317 381 1396; x_wconf 89' lang='lat' dir='ltr'><strong>parte,</strong></span> <span class='ocrx_word' id='word_1_60' title='bbox 408 1325 494 1390; x_wconf 87' lang='lat' dir='ltr'><strong>quae</strong></span> <span class='ocrx_word' id='word_1_61' title='bbox 515 1303 559 1368; x_wconf 87' lang='lat' dir='ltr'><strong>ad</strong></span> <span class='ocrx_word' id='word_1_62' title='bbox 580 1302 755 1368; x_wconf 88' lang='lat' dir='ltr'><strong>Bucolicos</strong></span> <span class='ocrx_word' id='word_1_63' title='bbox 777 1307 932 1392; x_wconf 86' lang='lat' dir='ltr'><strong>pertinet,</strong></span> <span class='ocrx_word' id='word_1_64' title='bbox 964 1305 1173 1374; x_wconf 85' lang='lat' dir='ltr'><strong>Gaisfordius</strong></span> <span class='ocrx_word' id='word_1_65' title='bbox 1197 1333 1276 1374; x_wconf 91' lang='lat' dir='ltr'><strong>usus</strong></span> 
     </span>
     <span class='ocr_line' id='line_1_10' title="bbox 134 1408 1276 1503; baseline -0.003 -23"><span class='ocrx_word' id='word_1_66' title='bbox 134 1425 187 1480; x_wconf 86' lang='lat' dir='ltr'><strong>est</strong></span> <span class='ocrx_word' id='word_1_67' title='bbox 209 1415 252 1479; x_wconf 89' lang='lat' dir='ltr'><strong>ad</strong></span> <span class='ocrx_word' id='word_1_68' title='bbox 274 1414 454 1480; x_wconf 82' lang='lat' dir='ltr'><strong>editionem</strong></span> <span class='ocrx_word' id='word_1_69' title='bbox 474 1431 568 1475; x_wconf 89' lang='lat' dir='ltr'><strong>suam</strong></span> <span class='ocrx_word' id='word_1_70' title='bbox 588 1408 831 1495; x_wconf 82' lang='lat' dir='ltr'><strong>Bucolicorum,</strong></span> <span class='ocrx_word' id='word_1_71' title='bbox 861 1435 945 1500; x_wconf 90' lang='lat' dir='ltr'><strong>quae</strong></span> <span class='ocrx_word' id='word_1_72' title='bbox 973 1435 1003 1478; x_wconf 89' lang='lat' dir='ltr'><strong>a.</strong></span> <span class='ocrx_word' id='word_1_73' title='bbox 1037 1418 1115 1480; x_wconf 81' lang='lat'>1816</span> <span class='ocrx_word' id='word_1_74' title='bbox 1144 1415 1276 1503; x_wconf 88' lang='lat' dir='ltr'><strong>prodiit,</strong></span> 
     </span>
     <span class='ocr_line' id='line_1_11' title="bbox 135 1517 1276 1590; baseline 0.001 -6"><span class='ocrx_word' id='word_1_75' title='bbox 135 1522 233 1585; x_wconf 82' lang='lat' dir='ltr'><strong>varia</strong></span> <span class='ocrx_word' id='word_1_76' title='bbox 255 1519 394 1584; x_wconf 86' lang='lat' dir='ltr'><strong>lectione</strong></span> <span class='ocrx_word' id='word_1_77' title='bbox 413 1517 650 1582; x_wconf 74' lang='lat' dir='ltr'><strong>instruendam.</strong></span> <span class='ocrx_word' id='word_1_78' title='bbox 696 1517 815 1583; x_wconf 77' lang='lat' dir='ltr'><strong>Postea</strong></span> <span class='ocrx_word' id='word_1_79' title='bbox 835 1520 974 1584; x_wconf 87' lang='lat' dir='ltr'><strong>eandem</strong></span> <span class='ocrx_word' id='word_1_80' title='bbox 997 1521 1276 1590; x_wconf 85' lang='lat' dir='ltr'><strong>Wordsworthius</strong></span> 
     </span>
     <span class='ocr_line' id='line_1_12' title="bbox 134 1624 1276 1715; baseline -0.002 -25"><span class='ocrx_word' id='word_1_81' title='bbox 134 1624 361 1715; x_wconf 82' lang='lat' dir='ltr'><strong>perlustravit.</strong></span> <span class='ocrx_word' id='word_1_82' title='bbox 406 1624 605 1690; x_wconf 85' lang='lat' dir='ltr'><strong>Accuratius</strong></span> <span class='ocrx_word' id='word_1_83' title='bbox 626 1631 735 1688; x_wconf 83' lang='lat' dir='ltr'><strong>tamen</strong></span> <span class='ocrx_word' id='word_1_84' title='bbox 758 1647 854 1710; x_wconf 91' lang='lat' dir='ltr'><strong>quam</strong></span> <span class='ocrx_word' id='word_1_85' title='bbox 878 1627 919 1690; x_wconf 92' lang='lat' dir='ltr'><strong>ab</strong></span> <span class='ocrx_word' id='word_1_86' title='bbox 939 1626 1054 1692; x_wconf 94' lang='lat' dir='ltr'><strong>horum</strong></span> <span class='ocrx_word' id='word_1_87' title='bbox 1072 1633 1210 1710; x_wconf 82' lang='lat' dir='ltr'><strong>utroque</strong></span> <span class='ocrx_word' id='word_1_88' title='bbox 1224 1644 1276 1688; x_wconf 89' lang='lat' dir='ltr'><strong>co·</strong></span> 
     </span>
     <span class='ocr_line' id='line_1_13' title="bbox 134 1729 1276 1822; baseline -0.006 -24"><span class='ocrx_word' id='word_1_89' title='bbox 134 1736 212 1822; x_wconf 88' lang='lat' dir='ltr'><strong>piae</strong></span> <span class='ocrx_word' id='word_1_90' title='bbox 238 1730 470 1797; x_wconf 87' lang='lat' dir='ltr'><strong>Dorvillianae</strong></span> <span class='ocrx_word' id='word_1_91' title='bbox 498 1739 708 1794; x_wconf 86' lang='lat' dir='ltr'><strong>recensentur</strong></span> <span class='ocrx_word' id='word_1_92' title='bbox 735 1729 770 1793; x_wconf 92' lang='lat' dir='ltr'><strong>in</strong></span> <span class='ocrx_word' id='word_1_93' title='bbox 796 1729 881 1796; x_wconf 90' lang='lat' dir='ltr'><strong>libro</strong></span> <span class='ocrx_word' id='word_1_94' title='bbox 910 1733 1040 1818; x_wconf 89' lang='lat' dir='ltr'><strong>paucis,</strong></span> <span class='ocrx_word' id='word_1_95' title='bbox 1067 1738 1105 1794; x_wconf 87' lang='lat' dir='ltr'><strong>ut</strong></span> <span class='ocrx_word' id='word_1_96' title='bbox 1134 1729 1276 1810; x_wconf 88' lang='lat' dir='ltr'><strong>videtur,</strong></span> 
     </span>
     <span class='ocr_line' id='line_1_14' title="bbox 135 1841 1280 1925; baseline -0.005 -21"><span class='ocrx_word' id='word_1_97' title='bbox 135 1841 271 1925; x_wconf 87' lang='lat' dir='ltr'><strong>cognito</strong></span> <span class='ocrx_word' id='word_1_98' title='bbox 293 1841 438 1921; x_wconf 80' lang='lat' dir='ltr'><strong>„Codices</strong></span> <span class='ocrx_word' id='word_1_99' title='bbox 459 1841 658 1916; x_wconf 67' lang='lat' dir='ltr'><strong>maeoniae·</strong></span> <span class='ocrx_word' id='word_1_100' title='bbox 677 1847 707 1900; x_wconf 82' lang='lat' dir='ltr'><strong>el</strong></span> <span class='ocrx_word' id='word_1_101' title='bbox 727 1843 865 1916; x_wconf 78' lang='lat' dir='ltr'><strong>impressi</strong></span> <span class='ocrx_word' id='word_1_102' title='bbox 884 1858 950 1902; x_wconf 85' lang='lat' dir='ltr'><strong>eum</strong></span> <span class='ocrx_word' id='word_1_103' title='bbox 972 1843 1047 1901; x_wconf 79' lang='lat' dir='ltr'><strong>uotis</strong></span> <span class='ocrx_word' id='word_1_104' title='bbox 1070 1841 1280 1914; x_wconf 79' lang='lat' dir='ltr'><strong>manuscriptis</strong></span> 
     </span>
     <span class='ocr_line' id='line_1_15' title="bbox 135 1940 1278 2030; baseline -0.006 -19"><span class='ocrx_word' id='word_1_105' title='bbox 135 1953 207 2011; x_wconf 73' lang='lat' dir='ltr'><strong>albu</strong></span> <span class='ocrx_word' id='word_1_106' title='bbox 228 1947 436 2010; x_wconf 64' lang='lat' dir='ltr'><strong>[romaniani.</strong></span> <span class='ocrx_word' id='word_1_107' title='bbox 472 1947 582 2008; x_wconf 73' lang='lat' dir='ltr'><strong>oxonii</strong></span> <span class='ocrx_word' id='word_1_108' title='bbox 601 1951 707 2008; x_wconf 79' lang='lat'><strong>1806.“</strong></span> <span class='ocrx_word' id='word_1_109' title='bbox 742 1943 795 2008; x_wconf 93' lang='lat' dir='ltr'><strong>lbi</strong></span> <span class='ocrx_word' id='word_1_110' title='bbox 818 1967 850 2030; x_wconf 89' lang='lat' dir='ltr'><strong>p.</strong></span> <span class='ocrx_word' id='word_1_111' title='bbox 874 1945 915 2006; x_wconf 91' lang='grc'><strong>67</strong></span> <span class='ocrx_word' id='word_1_112' title='bbox 939 1964 1028 2030; x_wconf 88' lang='lat' dir='ltr'><strong>seqq.</strong></span> <span class='ocrx_word' id='word_1_113' title='bbox 1051 1941 1112 2006; x_wconf 87' lang='lat' dir='ltr'><strong>bae</strong></span> <span class='ocrx_word' id='word_1_114' title='bbox 1131 1940 1278 2006; x_wconf 84' lang='lat' dir='ltr'><strong>codicum</strong></span> 
     </span>
     <span class='ocr_line' id='line_1_16' title="bbox 138 2051 600 2118; baseline -0.011 0"><span class='ocrx_word' id='word_1_115' title='bbox 138 2051 332 2118; x_wconf 86' lang='lat' dir='ltr'><strong>collationes</strong></span> <span class='ocrx_word' id='word_1_116' title='bbox 355 2059 600 2116; x_wconf 88' lang='lat' dir='ltr'><strong>enumerantur:</strong></span> 
     </span>
    </p>

    <p class='ocr_par' dir='ltr' id='par_1_3' title="bbox 137 2152 1278 2459">
     <span class='ocr_line' id='line_1_17' title="bbox 229 2152 1278 2242; baseline -0.006 -18"><span class='ocrx_word' id='word_1_117' title='bbox 229 2159 260 2240; x_wconf 87' lang='lat' dir='ltr'><strong>l)</strong></span> <span class='ocrx_word' id='word_1_118' title='bbox 281 2157 579 2224; x_wconf 83' lang='lat' dir='ltr'><strong>Mediolanensium</strong></span> <span class='ocrx_word' id='word_1_119' title='bbox 600 2179 628 2220; x_wconf 87' lang='lat' dir='ltr'><strong>a.</strong></span> <span class='ocrx_word' id='word_1_120' title='bbox 650 2163 677 2222; x_wconf 83' lang='lat' dir='ltr'><strong>b.</strong></span> <span class='ocrx_word' id='word_1_121' title='bbox 699 2179 726 2223; x_wconf 88' lang='lat' dir='ltr'><strong>c.</strong></span> <span class='ocrx_word' id='word_1_122' title='bbox 748 2163 779 2222; x_wconf 82' lang='lat' dir='ltr'><strong>d.</strong></span> <span class='ocrx_word' id='word_1_123' title='bbox 799 2179 824 2223; x_wconf 84' lang='lat' dir='ltr'><strong>e.</strong></span> <span class='ocrx_word' id='word_1_124' title='bbox 844 2177 876 2234; x_wconf 73' lang='lat' dir='ltr'><strong>q.</strong></span> <span class='ocrx_word' id='word_1_125' title='bbox 896 2160 925 2218; x_wconf 81' lang='lat' dir='ltr'><strong>b.</strong></span> <span class='ocrx_word' id='word_1_126' title='bbox 942 2160 972 2218; x_wconf 80' lang='lat' dir='ltr'><strong>lc.</strong></span> <span class='ocrx_word' id='word_1_127' title='bbox 992 2152 1189 2242; x_wconf 88' lang='lat' dir='ltr'><strong>(Dorvillius</strong></span> <span class='ocrx_word' id='word_1_128' title='bbox 1213 2175 1278 2218; x_wconf 86' lang='lat' dir='ltr'><strong>ma·</strong></span> 
     </span>
     <span class='ocr_line' id='line_1_18' title="bbox 137 2259 1277 2350; baseline -0.004 -19"><span class='ocrx_word' id='word_1_129' title='bbox 137 2265 277 2332; x_wconf 87' lang='lat' dir='ltr'><strong>iuseulis</strong></span> <span class='ocrx_word' id='word_1_130' title='bbox 304 2287 384 2331; x_wconf 86' lang='lat' dir='ltr'><strong>usus</strong></span> <span class='ocrx_word' id='word_1_131' title='bbox 416 2265 499 2350; x_wconf 87' lang='lat' dir='ltr'><strong>est),</strong></span> <span class='ocrx_word' id='word_1_132' title='bbox 533 2261 652 2328; x_wconf 90' lang='lat' dir='ltr'><strong>deinde</strong></span> <span class='ocrx_word' id='word_1_133' title='bbox 677 2263 825 2328; x_wconf 86' lang='lat' dir='ltr'><strong>Moschei</strong></span> <span class='ocrx_word' id='word_1_134' title='bbox 856 2265 885 2338; x_wconf 85' lang='lat' dir='ltr'><strong>s.</strong></span> <span class='ocrx_word' id='word_1_135' title='bbox 915 2261 982 2348; x_wconf 83' lang='lat' dir='ltr'><strong>(F.)</strong></span> <span class='ocrx_word' id='word_1_136' title='bbox 1011 2269 1044 2324; x_wconf 88' lang='lat' dir='ltr'><strong>et</strong></span> <span class='ocrx_word' id='word_1_137' title='bbox 1066 2259 1277 2346; x_wconf 84' lang='lat' dir='ltr'><strong>Anthologioi</strong></span> 
     </span>
     <span class='ocr_line' id='line_1_19' title="bbox 138 2372 328 2459; baseline -0.016 -21"><span class='ocrx_word' id='word_1_138' title='bbox 138 2378 248 2438; x_wconf 74' lang='lat' dir='ltr'><strong>Auca.</strong></span> <span class='ocrx_word' id='word_1_139' title='bbox 271 2372 328 2459; x_wconf 92' lang='grc' dir='ltr'>(Ι.)</span> 
     </span>
    </p>

    <p class='ocr_par' dir='ltr' id='par_1_4' title="bbox 225 2475 619 2562">
     <span class='ocr_line' id='line_1_20' title="bbox 225 2475 619 2562; baseline -0.008 -20"><span class='ocrx_word' id='word_1_140' title='bbox 225 2481 260 2556; x_wconf 81' lang='grc'><strong>2)</strong></span> <span class='ocrx_word' id='word_1_141' title='bbox 279 2477 470 2543; x_wconf 88' lang='lat' dir='ltr'><strong>Parmensis</strong></span> <span class='ocrx_word' id='word_1_142' title='bbox 493 2479 531 2540; x_wconf 85' lang='grc' dir='ltr'><strong>Θ.</strong></span> <span class='ocrx_word' id='word_1_143' title='bbox 556 2475 619 2562; x_wconf 86' lang='lat' dir='ltr'><strong>(L.)</strong></span> 
     </span>
    </p>

    <p class='ocr_par' dir='ltr' id='par_1_5' title="bbox 209 2578 1060 2674">
     <span class='ocr_line' id='line_1_21' title="bbox 209 2578 1060 2674; baseline -0.012 -22"><span class='ocrx_word' id='word_1_144' title='bbox 209 2589 258 2674; x_wconf 83' lang='lat'><strong>·3)</strong></span> <span class='ocrx_word' id='word_1_145' title='bbox 281 2586 404 2652; x_wconf 87' lang='lat' dir='ltr'><strong>codicis</strong></span> <span class='ocrx_word' id='word_1_146' title='bbox 426 2589 517 2648; x_wconf 79' lang='lat' dir='ltr'><strong>Deru.</strong></span> <span class='ocrx_word' id='word_1_147' title='bbox 539 2581 611 2666; x_wconf 88' lang='lat' dir='ltr'><strong>(M.)</strong></span> <span class='ocrx_word' id='word_1_148' title='bbox 618 2631 627 2664; x_wconf 93' lang='lat'><strong>,</strong></span> <span class='ocrx_word' id='word_1_149' title='bbox 652 2603 747 2667; x_wconf 88' lang='lat' dir='ltr'><strong>quem</strong></span> <span class='ocrx_word' id='word_1_150' title='bbox 769 2583 839 2667; x_wconf 86' lang='lat' dir='ltr'><strong>ipse</strong></span> <span class='ocrx_word' id='word_1_151' title='bbox 860 2578 1060 2668; x_wconf 84' lang='lat' dir='ltr'><strong>possidebat.</strong></span> 
     </span>
    </p>

    <p class='ocr_par' dir='ltr' id='par_1_6' title="bbox 224 2689 716 2779">
     <span class='ocr_line' id='line_1_22' title="bbox 224 2689 716 2779; baseline -0.016 -22"><span class='ocrx_word' id='word_1_152' title='bbox 224 2694 258 2779; x_wconf 83' lang='grc'><strong>4)</strong></span> <span class='ocrx_word' id='word_1_153' title='bbox 282 2692 401 2756; x_wconf 89' lang='lat' dir='ltr'><strong>Veneti</strong></span> <span class='ocrx_word' id='word_1_154' title='bbox 422 2689 570 2754; x_wconf 83' lang='lat' dir='ltr'><strong>Moschoi</strong></span> <span class='ocrx_word' id='word_1_155' title='bbox 591 2711 622 2751; x_wconf 85' lang='lat' dir='ltr'><strong>n.</strong></span> <span class='ocrx_word' id='word_1_156' title='bbox 647 2689 716 2774; x_wconf 88' lang='lat' dir='ltr'><strong>(N.)</strong></span> 
     </span>
    </p>

    <p class='ocr_par' dir='ltr' id='par_1_7' title="bbox 197 2791 956 2883">
     <span class='ocr_line' id='line_1_23' title="bbox 197 2791 956 2883; baseline -0.013 -19"><span class='ocrx_word' id='word_1_157' title='bbox 197 2799 257 2883; x_wconf 84' lang='lat'><strong>.5)</strong></span> <span class='ocrx_word' id='word_1_158' title='bbox 280 2794 502 2882; x_wconf 90' lang='lat' dir='ltr'><strong>Anthologiae</strong></span> <span class='ocrx_word' id='word_1_159' title='bbox 523 2793 697 2858; x_wconf 86' lang='lat' dir='ltr'><strong>Palatinae</strong></span> <span class='ocrx_word' id='word_1_160' title='bbox 719 2796 786 2856; x_wconf 85' lang='grc' dir='ltr'><strong>ΑΡ.</strong></span> <span class='ocrx_word' id='word_1_161' title='bbox 811 2791 877 2877; x_wconf 86' lang='lat'><strong>(0.)</strong></span> <span class='ocrx_word' id='word_1_162' title='bbox 950 2859 956 2870; x_wconf 60' lang='grc'><em>,</em></span> 
     </span>
    </p>

    <p class='ocr_par' dir='ltr' id='par_1_8' title="bbox 136 2898 1278 3098">
     <span class='ocr_line' id='line_1_24' title="bbox 222 2898 1278 2989; baseline -0.004 -22"><span class='ocrx_word' id='word_1_163' title='bbox 222 2904 257 2989; x_wconf 91' lang='grc'><strong>6)</strong></span> <span class='ocrx_word' id='word_1_164' title='bbox 279 2901 545 2968; x_wconf 84' lang='lat' dir='ltr'><strong>Florentinorum</strong></span> <span class='ocrx_word' id='word_1_165' title='bbox 571 2922 603 2980; x_wconf 84' lang='lat' dir='ltr'><strong>p.</strong></span> <span class='ocrx_word' id='word_1_166' title='bbox 630 2923 658 2963; x_wconf 87' lang='lat' dir='ltr'><strong>r.</strong></span> <span class='ocrx_word' id='word_1_167' title='bbox 684 2922 712 2978; x_wconf 87' lang='lat' dir='ltr'><strong>q.</strong></span> <span class='ocrx_word' id='word_1_168' title='bbox 740 2921 765 2963; x_wconf 87' lang='lat' dir='ltr'><strong>s.</strong></span> <span class='ocrx_word' id='word_1_169' title='bbox 793 2910 813 2962; x_wconf 83' lang='lat' dir='ltr'><strong>t.</strong></span> <span class='ocrx_word' id='word_1_170' title='bbox 841 2919 867 2960; x_wconf 84' lang='lat' dir='ltr'><strong>u.</strong></span> <span class='ocrx_word' id='word_1_171' title='bbox 897 2919 932 2962; x_wconf 78' lang='lat' dir='ltr'><strong>aa</strong></span> <span class='ocrx_word' id='word_1_172' title='bbox 959 2920 994 2962; x_wconf 77' lang='lat' dir='ltr'><strong>x.</strong></span> <span class='ocrx_word' id='word_1_173' title='bbox 1016 2921 1044 2960; x_wconf 84' lang='lat' dir='ltr'><strong>z.</strong></span> <span class='ocrx_word' id='word_1_174' title='bbox 1069 2898 1119 2983; x_wconf 90' lang='lat' dir='ltr'><strong>(P.</strong></span> <span class='ocrx_word' id='word_1_175' title='bbox 1142 2898 1221 2983; x_wconf 88' lang='lat' dir='ltr'><strong>etc.)</strong></span> <span class='ocrx_word' id='word_1_176' title='bbox 1244 2907 1278 2963; x_wconf 87' lang='lat' dir='ltr'><strong>et</strong></span> 
     </span>
     <span class='ocr_line' id='line_1_25' title="bbox 136 3008 543 3098; baseline -0.027 -19"><span class='ocrx_word' id='word_1_177' title='bbox 136 3011 348 3098; x_wconf 85' lang='lat' dir='ltr'><strong>Anthologioi</strong></span> <span class='ocrx_word' id='word_1_178' title='bbox 372 3012 449 3072; x_wconf 80' lang='lat' dir='ltr'><strong>AFI.</strong></span> <span class='ocrx_word' id='word_1_179' title='bbox 472 3008 543 3094; x_wconf 76' lang='lat' dir='ltr'><strong>(V.)</strong></span> 
     </span>
    </p>

    <p class='ocr_par' dir='ltr' id='par_1_9' title="bbox 226 3113 549 3204">
     <span class='ocr_line' id='line_1_26' title="bbox 226 3113 549 3204; baseline -0.012 -22"><span class='ocrx_word' id='word_1_180' title='bbox 226 3122 259 3202; x_wconf 90' lang='grc'><strong>7)</strong></span> <span class='ocrx_word' id='word_1_181' title='bbox 282 3113 492 3204; x_wconf 86' lang='lat' dir='ltr'><strong>Neapolitani</strong></span> <span class='ocrx_word' id='word_1_182' title='bbox 513 3115 549 3178; x_wconf 90' lang='grc' dir='ltr'><strong>Γ.</strong></span> 
     </span>
    </p>

    <p class='ocr_par' dir='ltr' id='par_1_10' title="bbox 136 3215 1277 3420">
     <span class='ocr_line' id='line_1_27' title="bbox 136 3215 1277 3298; baseline -0.01 -5"><span class='ocrx_word' id='word_1_183' title='bbox 136 3227 260 3292; x_wconf 89' lang='lat' dir='ltr'><strong>Omnes</strong></span> <span class='ocrx_word' id='word_1_184' title='bbox 282 3226 318 3290; x_wconf 90' lang='lat' dir='ltr'><strong>hi</strong></span> <span class='ocrx_word' id='word_1_185' title='bbox 339 3222 470 3290; x_wconf 87' lang='lat' dir='ltr'><strong>codices</strong></span> <span class='ocrx_word' id='word_1_186' title='bbox 489 3241 562 3286; x_wconf 89' lang='lat' dir='ltr'><strong>cum</strong></span> <span class='ocrx_word' id='word_1_187' title='bbox 588 3217 640 3282; x_wconf 95' lang='lat' dir='ltr'><strong>ed.</strong></span> <span class='ocrx_word' id='word_1_188' title='bbox 664 3217 781 3283; x_wconf 88' lang='lat' dir='ltr'><strong>Heins.</strong></span> <span class='ocrx_word' id='word_1_189' title='bbox 805 3215 915 3282; x_wconf 89' lang='lat' dir='ltr'><strong>collati</strong></span> <span class='ocrx_word' id='word_1_190' title='bbox 939 3225 1033 3298; x_wconf 80' lang='lat' dir='ltr'><strong>aunt,</strong></span> <span class='ocrx_word' id='word_1_191' title='bbox 1061 3220 1154 3282; x_wconf 87' lang='lat' dir='ltr'><strong>ouius</strong></span> <span class='ocrx_word' id='word_1_192' title='bbox 1183 3217 1277 3292; x_wconf 85' lang='lat' dir='ltr'><strong>alteri</strong></span> 
     </span>
     <span class='ocr_line' id='line_1_28' title="bbox 136 3320 1245 3420; baseline -0.008 -22"><span class='ocrx_word' id='word_1_193' title='bbox 136 3331 317 3420; x_wconf 86' lang='lat' dir='ltr'><strong>exemplari</strong></span> <span class='ocrx_word' id='word_1_194' title='bbox 341 3328 532 3395; x_wconf 86' lang='lat' dir='ltr'><strong>collationes</strong></span> <span class='ocrx_word' id='word_1_195' title='bbox 554 3331 669 3391; x_wconf 76' lang='lat' dir='ltr'><strong>A—o.</strong></span> <span class='ocrx_word' id='word_1_196' title='bbox 692 3323 895 3408; x_wconf 84' lang='lat' dir='ltr'><strong>adscriptae,</strong></span> <span class='ocrx_word' id='word_1_197' title='bbox 915 3320 1011 3384; x_wconf 84' lang='lat' dir='ltr'><strong>alteri</strong></span> <span class='ocrx_word' id='word_1_198' title='bbox 1029 3326 1134 3400; x_wconf 57' lang='lat' dir='ltr'><strong>P—,Z.</strong></span> <span class='ocrx_word' id='word_1_199' title='bbox 1155 3332 1188 3389; x_wconf 91' lang='lat' dir='ltr'><strong>et</strong></span> <span class='ocrx_word' id='word_1_200' title='bbox 1210 3326 1245 3389; x_wconf 90' lang='grc' dir='ltr'><strong>Γ.</strong></span> 
     </span>
    </p>

    <p class='ocr_par' dir='ltr' id='par_1_11' title="bbox 136 3427 1274 3714">
     <span class='ocr_line' id='line_1_29' title="bbox 220 3427 1274 3524; baseline -0.006 -22"><span class='ocrx_word' id='word_1_201' title='bbox 220 3439 254 3524; x_wconf 88' lang='grc'><strong>8)</strong></span> <span class='ocrx_word' id='word_1_202' title='bbox 278 3435 495 3502; x_wconf 80' lang='lat' dir='ltr'><strong>&#39;laurinensis</strong></span> <span class='ocrx_word' id='word_1_203' title='bbox 517 3429 573 3514; x_wconf 70' lang='lat' dir='ltr'><strong>Al,</strong></span> <span class='ocrx_word' id='word_1_204' title='bbox 601 3455 622 3495; x_wconf 87' lang='lat' dir='ltr'><strong>a</strong></span> <span class='ocrx_word' id='word_1_205' title='bbox 646 3427 840 3496; x_wconf 83' lang='lat' dir='ltr'><strong>Gaisfordio</strong></span> <span class='ocrx_word' id='word_1_206' title='bbox 867 3429 898 3492; x_wconf 89' lang='lat'><strong>8.</strong></span> <span class='ocrx_word' id='word_1_207' title='bbox 920 3427 1092 3517; x_wconf 87' lang='lat' dir='ltr'><strong>appellati,</strong></span> <span class='ocrx_word' id='word_1_208' title='bbox 1123 3429 1208 3517; x_wconf 91' lang='lat' dir='ltr'><strong>quod</strong></span> <span class='ocrx_word' id='word_1_209' title='bbox 1232 3433 1274 3496; x_wconf 92' lang='lat' dir='ltr'><strong>si·</strong></span> 
     </span>
     <span class='ocr_line' id='line_1_30' title="bbox 136 3535 1272 3636; baseline -0.003 -29"><span class='ocrx_word' id='word_1_210' title='bbox 136 3542 226 3628; x_wconf 87' lang='lat' dir='ltr'><strong>glum</strong></span> <span class='ocrx_word' id='word_1_211' title='bbox 251 3545 286 3608; x_wconf 94' lang='lat' dir='ltr'><strong>in</strong></span> <span class='ocrx_word' id='word_1_212' title='bbox 310 3541 415 3608; x_wconf 87' lang='lat' dir='ltr'><strong>Codd.</strong></span> <span class='ocrx_word' id='word_1_213' title='bbox 440 3540 545 3606; x_wconf 87' lang='lat' dir='ltr'><strong>Dorv.</strong></span> <span class='ocrx_word' id='word_1_214' title='bbox 581 3561 646 3606; x_wconf 94' lang='lat' dir='ltr'><strong>non</strong></span> <span class='ocrx_word' id='word_1_215' title='bbox 679 3537 860 3636; x_wconf 74' lang='lat' dir='ltr'><strong>reperitur3</strong></span> <span class='ocrx_word' id='word_1_216' title='bbox 894 3537 993 3601; x_wconf 87' lang='lat' dir='ltr'><strong>etiam</strong></span> <span class='ocrx_word' id='word_1_217' title='bbox 1027 3535 1081 3601; x_wconf 91' lang='lat' dir='ltr'><strong>hic</strong></span> <span class='ocrx_word' id='word_1_218' title='bbox 1113 3559 1188 3604; x_wconf 88' lang='lat' dir='ltr'><strong>eum</strong></span> <span class='ocrx_word' id='word_1_219' title='bbox 1220 3539 1272 3604; x_wconf 87' lang='lat' dir='ltr'><strong>ed.</strong></span> 
     </span>
     <span class='ocr_line' id='line_1_31' title="bbox 136 3646 427 3714; baseline 0 -2"><span class='ocrx_word' id='word_1_220' title='bbox 136 3647 252 3714; x_wconf 86' lang='lat' dir='ltr'><strong>Heius.</strong></span> <span class='ocrx_word' id='word_1_221' title='bbox 277 3646 427 3714; x_wconf 89' lang='lat' dir='ltr'><strong>collatus.</strong></span> 
     </span>
    </p>

    <p class='ocr_par' dir='ltr' id='par_1_12' title="bbox 135 3753 1274 3947">
     <span class='ocr_line' id='line_1_32' title="bbox 219 3753 1274 3840; baseline -0.002 -23"><span class='ocrx_word' id='word_1_222' title='bbox 219 3755 255 3840; x_wconf 86' lang='lat'><strong>9)</strong></span> <span class='ocrx_word' id='word_1_223' title='bbox 277 3753 515 3818; x_wconf 81' lang='lat' dir='ltr'><strong>Vaticanorum</strong></span> <span class='ocrx_word' id='word_1_224' title='bbox 545 3761 569 3814; x_wconf 86' lang='lat'><strong>1.</strong></span> <span class='ocrx_word' id='word_1_225' title='bbox 598 3761 623 3813; x_wconf 83' lang='lat'><strong>³.</strong></span> <span class='ocrx_word' id='word_1_226' title='bbox 658 3763 685 3812; x_wconf 82' lang='lat'><strong>5.</strong></span> <span class='ocrx_word' id='word_1_227' title='bbox 717 3761 743 3812; x_wconf 83' lang='lat' dir='ltr'><strong>o.</strong></span> <span class='ocrx_word' id='word_1_228' title='bbox 775 3761 802 3812; x_wconf 80' lang='grc' dir='ltr'><strong>ι.</strong></span> <span class='ocrx_word' id='word_1_229' title='bbox 824 3761 851 3812; x_wconf 79' lang='lat' dir='ltr'><strong>a.</strong></span> <span class='ocrx_word' id='word_1_230' title='bbox 884 3761 909 3812; x_wconf 85' lang='lat'><strong>9.</strong></span> <span class='ocrx_word' id='word_1_231' title='bbox 942 3761 984 3814; x_wconf 84' lang='grc' dir='ltr'><strong>ιο.</strong></span> <span class='ocrx_word' id='word_1_232' title='bbox 1012 3760 1121 3815; x_wconf 71' lang='lat'><strong>1215.</strong></span> <span class='ocrx_word' id='word_1_233' title='bbox 1151 3763 1194 3815; x_wconf 82' lang='lat' dir='ltr'><strong>ta.</strong></span> <span class='ocrx_word' id='word_1_234' title='bbox 1218 3763 1274 3828; x_wconf 76' lang='lat' dir='ltr'><strong>ra,</strong></span> 
     </span>
     <span class='ocr_line' id='line_1_33' title="bbox 135 3854 1274 3947; baseline -0.002 -23"><span class='ocrx_word' id='word_1_235' title='bbox 135 3859 296 3947; x_wconf 89' lang='lat' dir='ltr'><strong>equibus</strong></span> <span class='ocrx_word' id='word_1_236' title='bbox 333 3869 358 3922; x_wconf 89' lang='lat'><strong>1.</strong></span> <span class='ocrx_word' id='word_1_237' title='bbox 391 3869 418 3921; x_wconf 85' lang='lat'><strong>9.</strong></span> <span class='ocrx_word' id='word_1_238' title='bbox 443 3868 488 3920; x_wconf 86' lang='lat'><strong>12.</strong></span> <span class='ocrx_word' id='word_1_239' title='bbox 516 3866 562 3918; x_wconf 82' lang='lat'><strong>16.</strong></span> <span class='ocrx_word' id='word_1_240' title='bbox 591 3866 634 3918; x_wconf 85' lang='lat'><strong>17.</strong></span> <span class='ocrx_word' id='word_1_241' title='bbox 655 3876 729 3918; x_wconf 89' lang='lat' dir='ltr'><strong>cum</strong></span> <span class='ocrx_word' id='word_1_242' title='bbox 754 3854 806 3919; x_wconf 91' lang='lat' dir='ltr'><strong>ed.</strong></span> <span class='ocrx_word' id='word_1_243' title='bbox 829 3855 946 3920; x_wconf 88' lang='lat' dir='ltr'><strong>Heius.</strong></span> <span class='ocrx_word' id='word_1_244' title='bbox 969 3854 1086 3922; x_wconf 83' lang='lat' dir='ltr'><strong>collati·</strong></span> <span class='ocrx_word' id='word_1_245' title='bbox 1102 3857 1274 3942; x_wconf 71' lang='lat' dir='ltr'><strong>dicuntur,</strong></span> 
     </span>
    </p>
   </div>
   <div class='ocr_carea' id='block_1_3' title="bbox 5 3937 1274 4052">
    <p class='ocr_par' dir='ltr' id='par_1_13' title="bbox 5 3937 1274 4052">
     <span class='ocr_line' id='line_1_34' title="bbox 5 3937 1274 4052; baseline 0.002 -26"><span class='ocrx_word' id='word_1_246' title='bbox 5 3937 6 4026; x_wconf 41' lang='lat' dir='ltr'>f</span> <span class='ocrx_word' id='word_1_247' title='bbox 135 3965 253 4052; x_wconf 87' lang='lat' dir='ltr'><strong>reliqui</strong></span> <span class='ocrx_word' id='word_1_248' title='bbox 275 3985 376 4052; x_wconf 89' lang='lat' dir='ltr'><strong>quam</strong></span> <span class='ocrx_word' id='word_1_249' title='bbox 406 3959 450 4026; x_wconf 91' lang='lat' dir='ltr'><strong>ad</strong></span> <span class='ocrx_word' id='word_1_250' title='bbox 479 3960 655 4025; x_wconf 87' lang='lat' dir='ltr'><strong>editionem</strong></span> <span class='ocrx_word' id='word_1_251' title='bbox 683 3964 815 4027; x_wconf 85' lang='lat' dir='ltr'><strong>excussi</strong></span> <span class='ocrx_word' id='word_1_252' title='bbox 838 3964 922 4045; x_wconf 91' lang='lat' dir='ltr'><strong>sint,</strong></span> <span class='ocrx_word' id='word_1_253' title='bbox 949 3963 1048 4026; x_wconf 89' lang='lat' dir='ltr'><strong>etiam</strong></span> <span class='ocrx_word' id='word_1_254' title='bbox 1071 3962 1274 4028; x_wconf 86' lang='lat' dir='ltr'><strong>Wordswor·</strong></span> 
     </span>
    </p>
   </div>
   <div class='ocr_carea' id='block_1_4' title="bbox 134 4064 1275 4157">
    <p class='ocr_par' dir='ltr' id='par_1_14' title="bbox 134 4064 1275 4157">
     <span class='ocr_line' id='line_1_35' title="bbox 134 4064 1275 4157; baseline -0.001 -23"><span class='ocrx_word' id='word_1_255' title='bbox 134 4069 203 4134; x_wconf 87' lang='lat' dir='ltr'><strong>thio</strong></span> <span class='ocrx_word' id='word_1_256' title='bbox 228 4079 330 4150; x_wconf 88' lang='lat' dir='ltr'><strong>testa,</strong></span> <span class='ocrx_word' id='word_1_257' title='bbox 357 4087 423 4132; x_wconf 90' lang='lat' dir='ltr'><strong>non</strong></span> <span class='ocrx_word' id='word_1_258' title='bbox 447 4064 638 4130; x_wconf 89' lang='lat' dir='ltr'><strong>iudicatum.</strong></span> <span class='ocrx_word' id='word_1_259' title='bbox 683 4066 839 4131; x_wconf 86' lang='lat' dir='ltr'><strong>Attamen</strong></span> <span class='ocrx_word' id='word_1_260' title='bbox 860 4091 926 4134; x_wconf 91' lang='lat' dir='ltr'><strong>non</strong></span> <span class='ocrx_word' id='word_1_261' title='bbox 954 4068 1085 4151; x_wconf 87' lang='lat' dir='ltr'><strong>dubito,</strong></span> <span class='ocrx_word' id='word_1_262' title='bbox 1120 4070 1201 4157; x_wconf 91' lang='lat' dir='ltr'><strong>quin</strong></span> <span class='ocrx_word' id='word_1_263' title='bbox 1223 4091 1275 4133; x_wconf 90' lang='lat' dir='ltr'><strong>aa·</strong></span> 
     </span>
    </p>
   </div>
   <div class='ocr_carea' id='block_1_5' title="bbox 6 4171 1276 4240">
    <p class='ocr_par' dir='ltr' id='par_1_15' title="bbox 6 4171 1276 4240">
     <span class='ocr_line' id='line_1_36' title="bbox 6 4171 1276 4240; baseline 0 -2"><span class='ocrx_word' id='word_1_264' title='bbox 6 4194 7 4207; x_wconf 61' lang='lat'>¹</span> <span class='ocrx_word' id='word_1_265' title='bbox 136 4175 208 4240; x_wconf 88' lang='lat' dir='ltr'><strong>dem</strong></span> <span class='ocrx_word' id='word_1_266' title='bbox 232 4171 285 4238; x_wconf 87' lang='lat' dir='ltr'><strong>ed.</strong></span> <span class='ocrx_word' id='word_1_267' title='bbox 302 4173 417 4238; x_wconf 90' lang='lat' dir='ltr'><strong>Heius.</strong></span> <span class='ocrx_word' id='word_1_268' title='bbox 439 4171 484 4235; x_wconf 84' lang='lat' dir='ltr'><strong>ad</strong></span> <span class='ocrx_word' id='word_1_269' title='bbox 505 4192 622 4236; x_wconf 87' lang='lat' dir='ltr'><strong>manus</strong></span> <span class='ocrx_word' id='word_1_270' title='bbox 644 4173 755 4238; x_wconf 85' lang='lat' dir='ltr'><strong>fuerit.</strong></span> <span class='ocrx_word' id='word_1_271' title='bbox 801 4173 953 4240; x_wconf 86' lang='lat' dir='ltr'><strong>Ceterum</strong></span> <span class='ocrx_word' id='word_1_272' title='bbox 968 4173 1125 4238; x_wconf 86' lang='lat' dir='ltr'><strong>Vaticani</strong></span> <span class='ocrx_word' id='word_1_273' title='bbox 1143 4180 1276 4238; x_wconf 82' lang='lat' dir='ltr'><strong>auctora</strong></span> 
     </span>
    </p>
   </div>
   <div class='ocr_carea' id='block_1_6' title="bbox 137 4276 1273 4469">
    <p class='ocr_par' dir='ltr' id='par_1_16' title="bbox 137 4276 1273 4469">
     <span class='ocr_line' id='line_1_37' title="bbox 137 4276 1273 4364; baseline -0.001 -22"><span class='ocrx_word' id='word_1_274' title='bbox 137 4277 394 4346; x_wconf 83' lang='lat' dir='ltr'><strong>Wordsworthio</strong></span> <span class='ocrx_word' id='word_1_275' title='bbox 423 4300 490 4343; x_wconf 92' lang='lat' dir='ltr'><strong>non</strong></span> <span class='ocrx_word' id='word_1_276' title='bbox 522 4276 564 4342; x_wconf 91' lang='lat' dir='ltr'><strong>ab</strong></span> <span class='ocrx_word' id='word_1_277' title='bbox 597 4279 668 4364; x_wconf 90' lang='lat' dir='ltr'><strong>ipso</strong></span> <span class='ocrx_word' id='word_1_278' title='bbox 690 4276 854 4344; x_wconf 89' lang='lat' dir='ltr'><strong>Dorvillio</strong></span> <span class='ocrx_word' id='word_1_279' title='bbox 884 4279 1012 4362; x_wconf 86' lang='lat' dir='ltr'><strong>collati,</strong></span> <span class='ocrx_word' id='word_1_280' title='bbox 1047 4277 1106 4342; x_wconf 88' lang='lat' dir='ltr'><strong>sed</strong></span> <span class='ocrx_word' id='word_1_281' title='bbox 1138 4279 1173 4342; x_wconf 92' lang='lat' dir='ltr'><strong>in</strong></span> <span class='ocrx_word' id='word_1_282' title='bbox 1203 4279 1273 4342; x_wconf 89' lang='lat' dir='ltr'><strong>eius</strong></span> 
     </span>
     <span class='ocr_line' id='line_1_38' title="bbox 137 4381 1269 4469; baseline 0.002 -23"><span class='ocrx_word' id='word_1_283' title='bbox 137 4405 243 4448; x_wconf 89' lang='lat' dir='ltr'><strong>usum.</strong></span> <span class='ocrx_word' id='word_1_284' title='bbox 288 4381 328 4448; x_wconf 85' lang='lat' dir='ltr'><strong>ln</strong></span> <span class='ocrx_word' id='word_1_285' title='bbox 346 4383 449 4450; x_wconf 84' lang='lat' dir='ltr'><strong>Oodd.</strong></span> <span class='ocrx_word' id='word_1_286' title='bbox 471 4383 577 4450; x_wconf 83' lang='lat' dir='ltr'><strong>Dorv.</strong></span> <span class='ocrx_word' id='word_1_287' title='bbox 596 4405 661 4448; x_wconf 90' lang='lat' dir='ltr'><strong>non</strong></span> <span class='ocrx_word' id='word_1_288' title='bbox 683 4383 777 4468; x_wconf 82' lang='lat' dir='ltr'><strong>siglis</strong></span> <span class='ocrx_word' id='word_1_289' title='bbox 800 4405 913 4448; x_wconf 85' lang='lat' dir='ltr'><strong>a-m.</strong></span> <span class='ocrx_word' id='word_1_290' title='bbox 935 4387 1167 4469; x_wconf 89' lang='lat' dir='ltr'><strong>designantur,</strong></span> <span class='ocrx_word' id='word_1_291' title='bbox 1199 4384 1269 4468; x_wconf 93' lang='lat' dir='ltr'><strong>qui·</strong></span> 
     </span>
    </p>
   </div>
   <div class='ocr_carea' id='block_1_7' title="bbox 7 4486 1120 4571">
    <p class='ocr_par' dir='ltr' id='par_1_17' title="bbox 7 4486 1120 4571">
     <span class='ocr_line' id='line_1_39' title="bbox 7 4486 1120 4571; baseline 0 -19"><span class='ocrx_word' id='word_1_292' title='bbox 7 4489 8 4510; x_wconf 67' lang='lat'>¹</span> <span class='ocrx_word' id='word_1_293' title='bbox 136 4487 201 4552; x_wconf 88' lang='lat' dir='ltr'><strong>bus</strong></span> <span class='ocrx_word' id='word_1_294' title='bbox 223 4486 429 4554; x_wconf 85' lang='lat' dir='ltr'><strong>Gaisfordius</strong></span> <span class='ocrx_word' id='word_1_295' title='bbox 453 4510 533 4554; x_wconf 85' lang='lat' dir='ltr'><strong>usus</strong></span> <span class='ocrx_word' id='word_1_296' title='bbox 555 4498 621 4571; x_wconf 84' lang='lat' dir='ltr'><strong>eet,</strong></span> <span class='ocrx_word' id='word_1_297' title='bbox 645 4489 704 4555; x_wconf 82' lang='lat' dir='ltr'><strong>sed</strong></span> <span class='ocrx_word' id='word_1_298' title='bbox 725 4489 942 4562; x_wconf 83' lang='lat' dir='ltr'><strong>bibliothecae</strong></span> <span class='ocrx_word' id='word_1_299' title='bbox 965 4487 1120 4552; x_wconf 84' lang='lat' dir='ltr'><strong>numeris.</strong></span> 
     </span>
    </p>
   </div>
   <div class='ocr_carea' id='block_1_8' title="bbox 0 0 1491 5060">
    <p class='ocr_par' dir='ltr' id='par_1_18' title="bbox 0 0 1491 5060">
     <span class='ocr_line' id='line_1_40' title="bbox 0 0 1491 5060; baseline 0 0"><span class='ocrx_word' id='word_1_300' title='bbox 0 0 1491 5060; x_wconf 95' lang='lat' dir='ltr'><strong> </strong></span> 
     </span>
    </p>
   </div>
  </div>
 </body>
</html>
