2968 5060
606 325 814 374 assensum.
1247 329 1283 378 m

223 477 385 542 Defectus
413 477 618 562 carminum,
634 475 703 566 'qui
727 487 803 543 sunt
830 481 866 543 in
893 477 994 561 Alos,
1019 475 1117 543 nullis
1148 478 1281 544 indiciis

134 583 387 669 significantem,
413 583 568 670 reliquiis
597 584 784 672 idylliorum
813 583 884 648 Ino.
914 599 989 647 vnr.
1017 600 1040 647 1.
1067 593 1221 672 tanquam
1245 586 1280 649 iu

131 711 240 752 uuum
263 711 396 756 carmen
416 690 621 774 coniunctis,
640 713 700 756 nec
721 689 829 755 minus
851 688 1041 776 idylliorum
1062 688 1196 754 Theocr.
1219 705 1278 754 xx.

135 811 262 876 xum„
292 818 357 884 quo
381 796 421 860 fit
445 805 483 860 ut
507 797 605 860 etiam
632 799 668 861 iu
699 795 776 862 Ald.
811 813 832 859 1.
861 796 1000 881 triginta
1027 794 1144 881 idyllia
1170 817 1279 860 nume-

133 903 208 965 rari
230 903 409 989 potuerint.
455 903 605 990 Apparet
627 911 737 968 autem
761 901 899 985 Aldum,
927 923 1027 988 quum
1055 911 1149 988 parte
1173 923 1280 966 exem-

133 1007 282 1092 plarium
305 1009 372 1072 iam
395 1011 518 1074 emissa
547 1009 745 1092 detexisset,
774 1017 896 1096 quanta
922 1008 1098 1074 oscitantia
1129 1007 1206 1073 libri
1233 1008 1280 1072 ul-

134 1114 222 1178 tima
240 1137 320 1201 pars
348 1138 392 1180 ex
416 1114 530 1181 codice
552 1115 709 1179 lacunoso
738 1135 894 1202 expressa
916 1125 1004 1181 esset
1023 1115 1122 1201 (adeo
1145 1116 1180 1179 in
1202 1114 1278 1180 Ald.

138 1234 165 1281 1.
195 1220 250 1285 bis
280 1229 397 1286 extant
426 1220 696 1303 Theocr.xvl11,
721 1220 868 1283 52-59.
896 1230 928 1284 et
952 1220 1022 1286 Ino.
1046 1237 1075 1303 1,
1097 1225 1137 1286 35
1147 1223 1277 1309 —-lin.),

137 1324 273 1412 reliqua
296 1327 500 1414 exemplaria
521 1325 606 1390 alius
635 1327 757 1391 codicis
778 1327 991 1413 manuscripti
1017 1348 1078 1415 ope
1100 1330 1148 1393 ita
1171 1350 1278 1392 emen·

139 1429 257 1516 desse,
280 1443 319 1497 ut
338 1435 482 1520 quinque
504 1430 621 1496 bifolia
642 1441 795 1516 novaret,
818 1433 876 1498 sed
897 1434 1054 1520 impensis
1071 1456 1208 1521 parcens
1229 1457 1278 1498 re·

139 1538 281 1620 tineret,
321 1560 534 1627 quaecuuque
572 1538 689 1603 bilolia
730 1540 800 1604 sine
840 1540 991 1624 graviore
1029 1541 1165 1604 crimine
1202 1540 1277 1604 reti-

140 1646 215 1707 neri
256 1666 354 1731 posse
394 1645 597 1710 viderentur.
661 1643 778 1731 Itaque
808 1667 851 1709 ex
886 1644 963 1709 Ald.
998 1662 1020 1710 1.
1053 1645 1089 1710 in
1123 1644 1201 1709 Ald.
1238 1663 1275 1709 11.

141 1745 278 1811 transiit
300 1769 365 1813 non
387 1748 490 1814 solum
514 1749 664 1815 bisclium
689 1751 727 1814 Z.
749 1749 788 1815 F.
810 1755 858 1834 3.,
888 1771 1075 1837 quanquam
1102 1751 1188 1814 inter
1210 1772 1278 1815 mu-

143 1859 215 1913 tata
236 1853 394 1938 medium,
425 1855 484 1919 scd
508 1857 605 1920 etiam
626 1857 742 1922 titulus
765 1857 837 1945 (qui
860 1865 910 1919 est
932 1855 966 1918 in
991 1857 1095 1942 primo
1116 1855 1193 1920 folio
1215 1859 1279 1944 pri·

144 1957 190 2020 mi
211 1962 468 2046 quaternionis),
492 1984 592 2049 quum
614 1959 718 2038 Γένος
738 1963 925 2043 Θεοκρίτου
954 1970 986 2024 et
1014 1961 1090 2044 περὶ
1119 1951 1279 2046 εὑρέσεως

143 2061 214 2126 τῶν
233 2067 467 2150 βουκολικῶν,
492 2091 576 2157 quae
594 2070 768 2156 promittit,
792 2069 826 2132 in
849 2067 925 2132 Ald.
948 2083 984 2132 11.
1009 2068 1131 2150 desint,
1160 2068 1278 2134 deinde

144 2169 250 2234 index
270 2171 458 2241 bifoliorum
477 2175 616 2242 vocibus
637 2175 820 2240 initialibus
844 2171 1117 2258 significatorum,
1144 2175 1200 2261 qui
1222 2195 1277 2238 ex·

142 2285 193 2338 tat
216 2290 291 2364 post
310 2279 470 2347 Gnomica
497 2283 532 2345 in
561 2282 676 2347 ultimo
703 2278 782 2346 folio
810 2281 1033 2366 quaternionis
1058 2279 1097 2344 Z.
1122 2279 1159 2344 Z.
1192 2281 1217 2358 ζ.
1240 2283 1276 2364 ζ.,

143 2401 333 2470 quanquam
355 2386 428 2452 Ald.
452 2404 490 2451 Π.
510 2389 631 2475 partim
655 2385 786 2450 diversa
809 2385 903 2450 initia
925 2385 1035 2450 habet.

231 2489 412 2579 Utramque
437 2492 595 2557 Aldinam
627 2489 766 2558 contulit
786 2490 958 2574 Reiskius,
988 2491 1151 2579 descripta
1179 2493 1276 2558 simul

144 2595 180 2658 in
204 2595 312 2660 Praef.
336 2597 470 2684 (partim
491 2599 600 2661 minus
623 2595 787 2682 accurate)
817 2597 1008 2661 diversitate
1029 2599 1276 2687 exemplarium,

144 2723 243 2788 quam
267 2701 330 2767 sibi
352 2705 445 2768 visus
468 2713 519 2768 est
540 2704 664 2791 primus
692 2701 872 2784 detexisse,
900 2724 999 2789 quum
1025 2705 1163 2770 eandem
1184 2707 1276 2792 prius

146 2807 346 2873 blaittairius
370 2809 551 2875 indicasset
570 2809 703 2875 Annall.
725 2808 868 2896 Typogr.
889 2807 983 2874 Tom.
1002 2827 1025 2874 1.
1048 2833 1080 2896 p.
1105 2811 1167 2873 243
1187 2831 1277 2897 seqq.

146 2914 338 3002 Appellavit
355 2925 464 2980 autem
487 2916 644 2981 Reislsius
661 2918 802 3002 priorem
826 2921 895 2979 Ala.
918 2919 960 2998 S,
984 2915 1119 2980 alteram
1141 2920 1209 2979 Ald.
1231 2920 1279 2998 E,

147 3022 225 3107 quia
246 3019 335 3086 illius
358 3023 527 3111 exemplar
552 3045 594 3088 ex
614 3020 813 3087 bibliothece
836 3029 969 3084 senatus
991 3019 1192 3107 Lipsiensis,
1220 3022 1278 3085 hu-

146 3130 198 3192 ius
219 3127 262 3192 ab
283 3128 437 3194 Ernestio
459 3127 682 3216 acceperat*).
728 3125 806 3190 Sola
827 3124 904 3189 Ald.
936 3143 959 3188 1.
983 3137 1016 3190 ct
1036 3126 1225 3189 Brunekius
1248 3135 1280 3190 et

151 3234 387 3299 Valckenarius
408 3235 472 3320 ipsi
495 3235 547 3297 usi
568 3243 659 3316 sunt,
682 3231 818 3296 alterius
841 3229 968 3314 aliquot
989 3227 1145 3292 lectiones
1167 3251 1280 3293 sccun-

150 3338 226 3402 dum
247 3339 418 3404 Reiskium
440 3339 749 3418 commemorantes,
775 3357 836 3400 uec
857 3336 965 3398 miuus
989 3331 1144 3416 Dablius,
1174 3355 1280 3400 exem·

147 3444 219 3530 plar
234 3445 473 3529 Rostochense,
496 3445 585 3532 quod
606 3441 758 3506 manibus
773 3441 937 3523 versavit,
960 3461 1031 3508 oum
1050 3444 1118 3504 Ala.
1133 3443 1164 3502 S.
1187 3439 1281 3506 Reis-

148 3551 198 3616 lrii
222 3573 357 3640 prorsus
385 3552 576 3638 conspirare
607 3549 726 3613 diserte
753 3553 903 3612 testatus.
955 3543 1079 3609 Contra
1104 3544 1218 3610 Bionis
1247 3557 1280 3611 et

148 3657 273 3722 Moschi
297 3657 437 3722 editores
466 3653 687 3719 Schwabelius
710 3663 743 3717 et
760 3651 926 3717 Scbierius
948 3649 1091 3715 Aldinae
1109 3668 1147 3715 11.
1170 3673 1266 3715 exem

149 3761 253 3848 plaria
287 3762 510 3828 contulerunt.
559 3760 649 3824 Intcr
675 3759 785 3843 copias
815 3767 848 3821 et
868 3757 1183 3822 Sanctamandianas
1205 3755 1278 3821 Vol.

146 3870 202 3952 21,
225 3873 255 3933 l.
280 3879 311 3932 et
337 3867 567 3934 Dorvillianas
590 3864 695 3930 Oodd.
717 3863 820 3927 Dorv.
838 3885 872 3948 p,
896 3865 947 3927 71.
977 3862 1168 3927 collationes
1189 3861 1281 3926 Aldi-

145 3995 204 4038 nae
221 3981 537 4054 commemorantur,
558 3971 599 4034 ed
616 3977 723 4034 utram
739 3969 944 4055 pertineant,
961 3987 1027 4031 non
1046 3973 1194 4052 apparet.
1217 3966 1281 4030 Sed

144 4080 198 4164 qui
221 4077 283 4143 hac
304 4081 406 4146 tacite
431 4099 513 4142 usus
535 4099 608 4140 csse
625 4073 981 4173 videturGaisfordius
992 4123 1001 4156 ,
1023 4073 1088 4136 uisi
1106 4078 1283 4155 praeeunte

208 4331 235 4398 ⁸¹)
255 4333 459 4384 Ernestiauurn
478 4328 617 4393 exemplar
635 4325 750 4376 Aldinae
772 4341 802 4374 ιι.
828 4324 941 4375 carebat
966 4321 1062 4372 bisolio
1087 4319 1117 4368 Z.
1141 4319 1173 4366 F.
1193 4317 1217 4366 {l
1238 4317 1284 4383 (ex

141 4421 198 4473 lld.
216 4439 234 4472 r.
254 4425 394 4486 retento),
416 4421 446 4469 iu
466 4434 519 4482 quo
538 4423 602 4469 suut
620 4419 678 4467 luc.
698 4431 729 4465 n.
749 4431 795 4477 sn,
818 4413 911 4464 1-65.

1080 4481 1195 4548 d*'
