2980 5048
239 373 351 426 XXXIV
705 327 915 428 rainelmo.

206 531 212 542 '
239 549 297 614 cr.
326 564 363 610 ιν
385 571 417 634 p.
442 549 515 614 sas.
543 557 575 614 a
603 547 647 612 n.
671 549 850 614 armies.
872 549 1006 637 Didyn.
1028 571 1061 636 p.
1088 533 1162 630 sa,
1192 549 1249 635 qn
1272 544 1328 612 uu
1347 567 1385 612 a

238 649 376 736 Didymi
405 649 512 714 lexico
541 653 664 716 comico
693 651 842 716 derivata
870 673 941 716 esse
965 651 1072 716 docet.
1121 650 1260 716 Deinde
1287 649 1386 712 Photii

239 752 341 816 verba
361 747 523 838 educas
539 743 783 835 Ἐρατοσθένης
794 744 948 818 ἀπέδωκε
963 745 1023 818 τὸν
1034 747 1180 836 φορμόν
1190 751 1386 815 Fritaschius

240 852 421 938 dijudicare
447 875 514 917 non
543 851 614 917 vult
638 876 714 918 num
744 863 892 940 spectent
919 856 961 920 ad
984 855 1053 920 Ine.
1079 871 1141 938 111,
1171 857 1221 918 13.
1246 851 1385 940 [Theocr.

240 971 312 1035 uxr,
338 958 416 1036 13.],
433 954 490 1018 ubi
512 950 652 1037 φορμός.
695 955 816 1020 Mirum
836 978 915 1020 sane
930 957 1097 1042 judicium
1120 967 1157 1022 et
1173 975 1302 1019 summo
1320 953 1387 1038 jure

239 1077 260 1118 a
278 1055 321 1119 M.
346 1055 527 1122 Schmidtio
550 1059 745 1142 castigatum
772 1063 893 1138 didym.
914 1083 945 1146 p.
967 1065 1019 1124 56.
1064 1059 1162 1146 Satis
1191 1057 1280 1119 enim
1299 1073 1387 1137 appa—

240 1158 332 1222 rebat
354 1158 470 1222 comici
492 1166 608 1238 poetae
635 1159 741 1223 locum
763 1163 921 1245 spectari,
954 1182 1053 1246 quum
1086 1159 1179 1224 adeo
1202 1154 1293 1242 apud
1314 1153 1387 1218 Pho-

238 1261 318 1323 tium
342 1260 458 1324 comici
473 1259 613 1347 Lysippi
631 1259 789 1346 (Meinek.
812 1279 837 1324 11
861 1285 893 1348 p.
916 1264 1004 1350 748.)
1022 1283 1148 1328 nomen
1174 1258 1323 1324 additum
1342 1255 1389 1332 sit,

238 1382 303 1426 nou
327 1363 433 1426 locum
455 1360 546 1425 illum
576 1361 776 1444 bucolicum,
805 1362 863 1427 ubi
884 1364 1018 1450 insuper
1040 1385 1109 1429 non
1134 1360 1249 1444 σάμαξ
1269 1357 1387 1440 legitur.

239 1461 296 1526 sed
320 1456 467 1546 φορμός;
489 1460 608 1528 deinde
631 1487 695 1528 non
718 1463 967 1530 Eratosthenem
990 1465 1233 1530 scholasticum
1256 1456 1386 1535 intelligi

238 1585 349 1651 posse,
373 1586 472 1650 quum
497 1563 611 1628 eadem
636 1567 861 1651 interpretatio
892 1565 979 1652 apud
1009 1565 1224 1653 Hesychium
1251 1567 1385 1625 recurrat

239 1659 369 1747 σάμαξ
392 1705 427 1715 -
452 1665 488 1729 oi
508 1660 543 1730 dl
566 1660 719 1750 φορμόν,
741 1668 797 1754 qui
819 1687 893 1731 eum
914 1667 1030 1732 Photio
1053 1690 1097 1733 ex
1110 1661 1319 1752 Diogeniani
1341 1680 1385 1720 oo·

238 1768 304 1854 piis
327 1767 443 1832 hausit.
490 1769 590 1832 Recte
617 1771 714 1834 etiam
737 1770 818 1832 haec
844 1753 997 1854 glossae
1021 1765 1248 1854 Bernhardyo
1270 1785 1300 1849 p.
1322 1761 1384 1822 233·

239 1868 281 1932 ad
303 1870 435 1934 eosdem
459 1869 622 1956 Cyrenaei
643 1873 894 1936 commentarios
922 1869 1025 1935 relata
1049 1879 1117 1955 est,
1142 1867 1239 1934 unde
1260 1885 1318 1951 per
1334 1859 1385 1923 Di·

240 1969 330 2056 dymi
352 1971 481 2038 lexicon
503 1972 545 2036 ad
567 1971 811 2058 Diogenianum
829 1975 984 2062 manavit.
1157 2037 1168 2054 ,

325 2072 429 2138 Nobis
452 2074 517 2138 alia
539 2075 594 2139 via
616 2073 858 2161 procedendum
879 2075 1020 2140 videtur.
1064 2075 1219 2138 Primum
1243 2067 1383 2156 ponimus
1462 2061 1463 2064 ’

241 2174 488 2255 Eratosthenem
511 2177 610 2240 etiam
636 2177 670 2240 in
692 2174 757 2239 alia
778 2173 894 2262 idyllia
919 2185 1049 2263 praeter
1072 2175 1122 2240 Id.
1145 2192 1215 2240 1111.
1237 2166 1382 2256 hypothe-

241 2299 293 2342 ses
316 2278 558 2364 conscripsisse.
604 2278 649 2342 Ut
671 2277 705 2340 in
730 2276 787 2340 illa
807 2277 877 2343 sols
898 2278 969 2362 ejus
989 2299 1106 2342 nomen
1126 2275 1293 2354 haeserit,
1315 2264 1382 2332 iude

240 2381 362 2442 sactum
386 2379 531 2461 videtur,
558 2379 643 2466 quod
671 2379 722 2442 Id.
745 2395 807 2442 x11.
830 2381 971 2466 primum
993 2388 1042 2444 est
1091 2389 1142 2444 ost
1168 2372 1273 2441 decem
1295 2371 1379 2435 bucu—
1462 2430 1463 2477 ,

240 2479 319 2560 lica,
346 2490 425 2565 quot
437 2478 573 2546 Servius
588 2482 739 2566 agnoscit
760 2482 794 2544 in
814 2482 978 2567 prooemio
1000 2479 1043 2544 ad
1056 2481 1149 2566 hirg.
1164 2474 1283 2544 Bucol.
1300 2473 1378 2558 (111111

240 2581 289 2646 lrl.
316 2597 359 2661 11,
383 2581 469 2666 quod
491 2604 556 2646 non
577 2603 655 2646 vere
676 2582 859 2648 bucolicum
881 2593 948 2664 est,
974 2584 1009 2646 in
1036 2583 1168 2668 optimis
1198 2578 1293 2644 libris
1314 2581 1375 2659 post

227 2682 289 2746 ld.
313 2698 383 2745 xlv.
406 2681 559 2770 legitur);
583 2682 661 2749 licet
686 2687 771 2748 enim
792 2685 953 2770 suspicari
975 2684 1104 2750 illorum
1128 2683 1246 2748 decem
1266 2671 1377 2743 bucoli-

239 2804 349 2846 corum
378 2782 603 2850 collectionem
624 2785 695 2871 jam
724 2795 800 2850 ante
828 2785 1078 2851 Eratosthenem
1103 2781 1310 2872 argumentis
1336 2777 1375 2837 in·

239 2893 395 2972 structam
416 2885 518 2948 fuisse
542 2895 574 2951 et
600 2886 680 2952 haec
703 2911 793 2967 eum,
817 2897 963 2954 correcta
985 2888 1124 2952 fortasse
1147 2899 1182 2951 et
1202 2893 1313 2962 aucta,
1334 2897 1376 2938 rt·

237 2987 391 3068 tinuisse,
408 2996 521 3051 contra
535 2989 612 3052 inde
627 2989 668 3052 ab
686 2989 734 3053 Id.
752 3005 812 3052 1111.
830 3010 919 3056 nova
936 2991 1166 3075 composuisse.
1214 2987 1290 3053 Jam
1306 2997 1375 3046 acro
1462 3006 1463 3067 p

238 3109 338 3175 quum
354 3087 508 3152 Munatus
530 3091 563 3153 in
586 3090 820 3177 hypothesibus
842 3099 891 3155 ter
910 3093 957 3155 ita
969 3092 1162 3176 castigetur,
1180 3099 1218 3154 111
1239 3082 1373 3174 ejusden

239 3192 355 3254 aetatis
384 3191 581 3256 obtrectator
608 3193 743 3277 agnosci
765 3193 932 3270 videatur,
959 3192 1045 3256 idom
1067 3215 1146 3256 vero
1167 3187 1373 3256 Eratosthene
1462 3220 1463 3257 1

238 3291 433 3359 scholastico
457 3294 515 3357 vix
535 3295 697 3380 antiquior
719 3293 833 3358 haberi
856 3297 974 3380 possit,
996 3315 1061 3358 non
1085 3302 1206 3358 temere
1229 3289 1305 3356 mihi
1328 3284 1371 3346 u'-

239 3395 317 3459 deor
344 3395 504 3481 suspicari
536 3417 590 3460 eos
619 3395 707 3460 locos
736 3393 906 3459 Munatum
940 3403 1124 3482 spectantes
1152 3386 1371 3460 Eratosthenis

237 3517 326 3576 esse,
348 3518 410 3560 nec
431 3499 538 3560 minus
562 3495 708 3581 ejusdem
726 3497 853 3561 Munati
872 3499 1191 3562 commemorationes
1207 3496 1370 3584 quaesunt

238 3595 271 3657 in
294 3595 437 3661 scholiis.
483 3597 577 3662 Adeo
594 3599 755 3684 conjicere
774 3597 894 3680 audeo,
910 3599 994 3664 hanc
1014 3597 1210 3664 scholiorum
1227 3590 1369 3664 vetustio-

236 3715 307 3756 rum
330 3695 563 3780 redactionem,
587 3721 651 3785 qua
673 3701 809 3782 utimur,
831 3699 1283 3787 Eratosthenispotissimum
1304 3713 1366 3779 opt·

236 3816 293 3858 raa
316 3793 444 3879 deberi,
468 3798 510 3862 cf.
534 3799 621 3863 iufra
643 3823 692 3866 nr.
716 3806 745 3866 6.

321 3895 355 3983 3)
378 3899 514 3988 Aliquot
535 3900 593 3965 alii
612 3903 697 3968 inter
718 3913 987 3970 commentatores
1010 3903 1176 3969 Theocriti
1195 3913 1252 3968 aut
1273 3901 1384 3965 nino

236 4005 323 4064 certo
346 4000 461 4064 referri
483 4013 622 4088 possunt
649 4013 705 4068 aut
724 4004 813 4069 nullo
832 4007 908 4092 jure
930 4005 1024 4070 relati
1048 4015 1133 4069 sunt.
1343 4075 1348 4086 ,

321 4101 354 4188 a)
380 4107 516 4168 Amaras
540 4104 588 4168 bis
611 4106 644 4170 in
667 4105 799 4170 scholiis
823 4109 1022 4172 nominatur:
1044 4131 1076 4193 p.
1093 4109 1152 4189 48,
1171 4111 1200 4172 3.
1224 4107 1266 4170 ad
1282 4124 1306 4186 1,
1321 4099 1363 4164 32.

218 4212 267 4266 et
288 4226 320 4290 p.
344 4207 398 4284 73,
427 4208 478 4270 23.
508 4207 599 4289 adl,
623 4211 674 4274 97.
705 4207 745 4272 de
767 4203 886 4290 turem
916 4218 1050 4294 uterque
1080 4209 1170 4272 locus
1197 4209 1367 4294 primunr

235 4303 390 4370 Wartono
413 4306 544 4372 scholiis
571 4307 713 4372 additus.
758 4309 912 4373 Attamen
934 4309 1005 4394 j'am
1032 4309 1245 4399 Oasaubonus
1270 4308 1363 4372 Lectt.

233 4426 305 4492 cap.
334 4422 369 4471 11.
393 4407 559 4473 Ameriam
590 4411 674 4472 inter·
702 4409 868 4476 Theocriti
899 4413 1093 4498 interpretes
1122 4412 1365 4484 enumeraverat,
