2968 5060
210 403 284 450 χχιι
666 387 876 440 PRAEFATIO.

108 581 115 594 ·
210 553 357 634 Stobeei,
389 573 473 638 quae
506 550 541 612 in
575 547 670 612 huius
701 543 899 610 editionibus
932 549 1101 628 prostant,
1137 537 1226 602 infra
1260 537 1360 602 dice

209 681 282 722 mus
293 658 336 741 *1.

510 814 545 905 ξ.
576 813 609 882 7.
661 809 716 882 110
739 806 846 900 siglis
870 805 1048 880 codicum.

295 951 404 1034 Quum
426 951 520 1018 multi
549 950 678 1016 codices
707 971 728 1014 a
750 947 900 1035 pluribus
930 942 1042 1010 collati
1064 943 1146 1023 sint,
1180 965 1247 1006 non
1273 943 1358 1008 leve

209 1058 451 1126 incommodum
472 1057 507 1118 in
525 1077 562 1120 co
583 1057 725 1140 positum
746 1063 812 1136 est,
834 1051 922 1139 quod
943 1049 1168 1135 unnsquisque
1189 1052 1357 1136 posterio-

210 1187 282 1230 rum
312 1161 501 1227 collatorum
534 1161 684 1226 instituta
716 1162 861 1249 priorum
886 1156 969 1222 nihil
1004 1177 1122 1219 curans
1151 1156 1220 1218 suis
1250 1155 1355 1241 siglis

210 1293 290 1336 usus
313 1278 380 1351 est,
403 1289 466 1356 quo
488 1265 613 1330 sactum
634 1275 671 1330 ut
694 1265 788 1332 multi
811 1263 941 1329 codices
964 1262 1108 1344 duobus,
1138 1258 1263 1346 aliquot
1289 1261 1354 1324 tri-

209 1376 272 1442 bus
295 1374 436 1439 diversis
457 1372 551 1458 siglis
574 1381 723 1457 utantur,
745 1393 830 1435 unus
850 1369 1099 1460 edeouquatuor.
1145 1365 1196 1428 Ita
1215 1365 1290 1430 vat.
1318 1371 1352 1432 6.

211 1479 443 1546 Sanctamandi
465 1479 552 1566 apud
571 1479 795 1545 Gaisfordium
819 1486 869 1541 est
888 1475 936 1556 h.,
960 1472 1048 1561 apud
1062 1471 1249 1558 Zieglerum
1267 1471 1352 1536 vat.

107 1595 110 1602 '
210 1589 260 1668 B.,
283 1586 371 1652 idem
386 1607 465 1651 vero
486 1586 591 1651 codex
606 1587 814 1653 Florentinus
834 1582 922 1669 apud
940 1580 1112 1646 Reiskium
1131 1577 1219 1644 Med.
1240 1581 1270 1642 3.
1291 1600 1353 1665 ap

210 1692 369 1781 pellatur,
399 1692 485 1776 apud
505 1692 698 1760 Wartonum
725 1692 824 1756 Laur.
854 1688 907 1754 vel
930 1689 1029 1752 Laur.
1054 1689 1117 1768 37,
1142 1683 1228 1772 apud
1251 1685 1353 1752 Gais-

211 1797 353 1864 fordium
374 1796 429 1878 P,
451 1798 539 1884 apud
561 1799 748 1884 Zieglerum
767 1797 887 1862 Medic.

296 1903 338 1967 A.
359 1902 544 1989 lacobsius,
568 1927 667 1992 quum
690 1906 800 1974 varias
822 1901 1050 1967 collectionum
1072 1899 1184 1985 copias
1206 1907 1275 1962 turn
1295 1919 1351 1964 oo·

210 2010 320 2095 gnitas
348 2009 471 2072 maiore
497 2007 670 2094 diligentia
697 2033 795 2098 quam
824 2007 956 2074 solertia
984 2015 1191 2090 congereret,
1227 2003 1350 2070 discre-

210 2115 323 2203 pantia
339 2113 515 2179 eorundem
534 2115 683 2180 codicum
704 2115 788 2202 sigla
803 2115 927 2178 intaeta
944 2111 1091 2198 reliquit,
1113 2119 1150 2174 ut
1166 2109 1255 2176 haud
1272 2133 1350 2176 raro

209 2242 269 2308 pro
296 2217 435 2284 lectione
463 2219 560 2284 unius
589 2219 668 2286 libri
699 2220 799 2285 trium
819 2219 1007 2283 testimonia
1034 2215 1141 2281 audiri
1160 2217 1350 2284 videantur.

211 2324 252 2389 Id
270 2325 387 2390 vitium
403 2323 488 2388 bene
511 2326 636 2391 evitare
657 2325 783 2390 studuit
801 2323 931 2389 Gaiiius
947 2325 1072 2390 variam
1089 2321 1263 2387 lectionem
1282 2323 1350 2386 iam

210 2431 301 2518 prius
322 2432 488 2516 cognitam
518 2452 591 2496 eum
620 2433 689 2498 suis
710 2431 935 2496 Parisinorum
957 2427 1188 2496 collationibus
1214 2431 1350 2496 coniun-

211 2558 303 2623 gens.
348 2535 457 2616 Quum
480 2559 558 2601 vero
580 2538 668 2624 apud
687 2536 912 2603 Gaisiordium
935 2533 1065 2599 codices
1085 2534 1350 2605 Mediolanenses

211 2653 244 2708 ct
266 2641 450 2708 Florentini
477 2663 550 2707 eum
576 2643 651 2709 aliis
682 2644 879 2733 quibusdem
901 2639 1156 2706 maiuscularum
1183 2665 1243 2730 ope
1264 2645 1349 2712 indi-

212 2758 343 2830 centur,
376 2747 515 2812 Romani
547 2750 825 2833 minuscularum,
863 2745 1008 2812 Parisini
1023 2768 1116 2815 ‚cum
1149 2747 1350 2818 Teurinensi

212 2875 418 2921 numerorum
440 2852 675 2939 Arabieorum,
697 2859 769 2943 ipse
787 2851 984 2920 maiusculas
1006 2850 1166 2916 Parisinis
1190 2855 1259 2919 suis
1278 2858 1349 2922 vin·

215 2961 339 3026 dicavit
360 2980 400 3023 ne
422 2957 535 3022 ordine
557 2961 689 3046 quidem
717 2962 866 3028 eodieum
889 2957 1124 3024 Gaisfordieno
1144 2969 1272 3026 servato
1297 2965 1348 3049 (ut

213 3070 227 3128 1
247 3093 290 3122 =
305 3063 355 3146 P,
379 3063 519 3146 2:12,
536 3066 554 3128 3
571 3098 613 3125 z:
628 3067 671 3154 Ι.)
684 3077 717 3132 01
731 3068 878 3132 codicem
897 3067 927 3129 8.
947 3063 1126 3151 appellavit
1141 3063 1252 3148 Taur,
1272 3088 1348 3132 eon-

210 3179 262 3236 tra
280 3168 478 3235 msiuseulss
498 3169 680 3239 Gaisfordii
701 3174 736 3237 in
750 3170 950 3236 minusculas
968 3168 1108 3234 mutavit
1127 3168 1178 3256 (ut
1199 3170 1231 3235 A
1247 3201 1292 3230 =
1306 3195 1350 3258 a.,

279 3400 307 3463 *1
326 3400 416 3452 Aliam
433 3400 632 3466 supellectilem
651 3403 776 3453 criticum
793 3399 980 3450 bucolicorum
999 3399 1116 3450 editioni
1135 3396 1200 3448 olim
1217 3399 1241 3450 Ι.
1262 3397 1295 3448 Α.
1315 3398 1348 3449 (i.

209 3489 360 3552 Weigelins
378 3488 529 3554 bibliopola
547 3491 702 3554 Lipsiensis
722 3494 888 3554 paraverat,
911 3503 994 3553 quam
1012 3489 1040 3538 in
1058 3487 1133 3538 calce
1153 3487 1279 3556 Gregorii
1297 3483 1349 3540 Co-

210 3577 305 3629 rinthii
324 3577 361 3642 (a.
385 3576 462 3641 1811)
482 3595 509 3644 p.
533 3579 607 3630 1070.
627 3579 670 3630 his
689 3580 780 3630 verbis
799 3579 960 3644 descripsit:
986 3579 1093 3642 „Brevi
1111 3578 1247 3630 sumtibus
1266 3581 1288 3630 l.
1316 3581 1349 3632 A.

61 3664 66 3674 '
134 3737 136 3742 Ι
211 3668 242 3720 G.
268 3667 395 3732 Weigelii
425 3669 573 3734 prodibunt
600 3669 831 3720 instructissimae
856 3669 991 3720 editiones
1014 3669 1205 3720 Bucolicorum
1230 3669 1348 3722 Graeco-

210 3775 283 3822 rum,
300 3765 414 3810 curante
433 3759 545 3810 Godofr.
565 3761 739 3823 Hermanno,
759 3763 786 3810 et
804 3760 958 3824 Euripidis,
982 3766 1096 3812 curante
1114 3761 1182 3825 Aug.
1201 3761 1348 3812 Matthiae.

210 3851 314 3901 Textus
337 3853 479 3916 po'e'terum
504 3851 663 3918 scholisque
687 3853 742 3902 iam
766 3850 869 3902 collata
890 3857 954 3903 sunt
983 3869 1043 3904 cunr
1067 3851 1208 3903 codicibus
1231 3854 1350 3905 nondum

210 3943 334 3994 excussis
359 3940 587 3994 bibliothecarum
607 3942 768 3995 Italicorum
794 3947 821 3996 et
840 3941 1019 3996 Gsutcarum.
1057 3942 1277 3995 Scholiastarum
1300 3963 1349 4012 sp·

209 4037 326 4100 paratus
349 4033 496 4098 augebitur
519 4033 631 4087 scholiis
653 4034 765 4086 ineditis
791 4036 867 4086 stc.“
904 4032 1136 4097 Wordsworthio‚
1155 4040 1186 4086 ut
1204 4041 1301 4086 norrst
1320 4053 1348 4102 p.

211 4141 335 4186 susum,
355 4125 388 4175 de
408 4123 462 4176 illis
483 4126 571 4192 copiis
591 4127 736 4192 quaerenti
749 4125 900 4192 Weigelius
918 4124 989 4176 tilius
1008 4125 1166 4189 rescripsit,
1185 4127 1346 4178 00001001-

209 4217 328 4268 lationes
353 4216 511 4266 etiamnunc
535 4234 617 4283 penes
642 4235 671 4269 se
695 4233 816 4269 seruere.
854 4219 913 4282 Ego
938 4233 1022 4284 quum
1047 4217 1111 4268 olim
1138 4218 1229 4268 verbis
1247 4217 1347 4267 biblio·

207 4309 306 4376 pelicis
329 4323 426 4374 psrum
452 4307 515 4360 tidei
543 4307 714 4372 habuissem,
747 4311 776 4360 in
803 4309 1034 4360 confirmationem
1062 4307 1346 4359 Wordswcrthienum

208 4399 295 4450 serius
313 4399 413 4464 incidi,
432 4413 514 4464 quom
532 4403 562 4450 ut
580 4402 722 4464 expediret
743 4405 864 4462 tentare,
888 4415 951 4450 num
974 4399 1045 4450 10110
1072 4398 1135 4450 illos
1160 4399 1255 4464 copies
1278 4414 1347 4450 nsu-

211 4503 279 4540 erser
295 4505 413 4556 possem.
