2980 5048
258 357 331 404 XXX
728 361 934 411 PRAEFATIO.

255 537 374 622 respici
395 529 561 621 judicarit
582 529 798 596 Ruhnkenins
820 533 893 597 Vol.
917 549 943 595 11
965 557 997 620 p.
1021 550 1060 613 a,
1082 533 1229 598 meursii
1256 529 1397 596 emenda·

255 638 337 700 tioni
353 629 451 700 Θέων
469 653 527 718 pro
548 631 619 719 θεῷ
640 633 799 715 confisus,
824 655 921 720 qiuam
942 643 1031 700 recte
1053 636 1175 718 rejecit
1192 633 1239 698 M.
1261 631 1396 696 Schmid-

255 739 321 800 tius
360 735 431 799 loco
471 735 660 818 perturbato
697 735 955 800 diversissimam
989 737 1193 801 medicinam
1231 732 1396 797 adhibens.

256 836 371 924 ltaque
392 836 434 900 de
453 834 595 901 Theonis
617 837 723 900 lexico
745 838 870 921 tragico
891 837 988 902 valde
1012 835 1161 900 dubitari
1184 843 1306 923 potest.

339 938 458 1001 Omnia
481 935 561 999 haec
585 935 751 1018 Theonea,
770 959 854 1024 quae
871 937 967 1004 modo
983 940 1235 1024 congessimus,
1259 935 1395 1020 ejusdem

253 1039 460 1126 grammatici
482 1059 554 1102 esse
572 1040 666 1102 varia
684 1038 834 1102 doctrina
853 1041 1020 1122 instructi,
1042 1042 1078 1104 in
1092 1039 1213 1105 verbis
1229 1059 1397 1122 eorumque

253 1139 437 1225 originibus
459 1139 663 1204 illustrandis
677 1149 775 1228 atquc
797 1141 832 1204 in
847 1141 944 1206 rebus
960 1141 1112 1228 mythicis
1136 1141 1310 1205 historicis
1329 1159 1396 1222 geo·

253 1241 418 1328 graphicis
445 1263 548 1328 aeque
576 1240 761 1324 diligentis,
795 1242 837 1307 ad
864 1251 977 1329 poetar
1005 1244 1221 1329 potissimum
1249 1242 1396 1325 interpre-
1462 1299 1463 1331 ,

252 1343 370 1408 tandos
395 1344 525 1425 intenti,
550 1343 647 1406 unius
671 1342 744 1406 dico
767 1341 826 1405 illa
847 1365 918 1408 csse
944 1345 1007 1408 viri
1031 1347 1112 1408 satis
1135 1351 1269 1408 certum
1291 1340 1394 1406 haberi

132 1485 135 1492 ,
251 1453 372 1531 potest,
394 1447 585 1531 praesertim
607 1465 706 1531 quum
728 1443 769 1507 de
791 1443 864 1509 aliis
880 1444 1067 1510 Thoonibus
1084 1443 1313 1542 philosophia,
1332 1441 1395 1504 rhe-

250 1547 382 1627 toricis,
400 1545 808 1628 mathematicis,medicis
828 1555 968 1627 constet,
987 1547 1046 1610 sed
1066 1546 1105 1611 dc
1122 1545 1340 1630 grammatico
1356 1543 1392 1625 (si

251 1649 387 1734 excipis,
405 1641 525 1710 Θέωνα
551 1638 611 1710 τὸν
635 1641 865 1729 γραμματικόν
884 1647 1053 1712 Plutarch.
1077 1648 1182 1712 hlorr.
1209 1670 1242 1733 p.
1268 1646 1338 1708 626.
1358 1642 1391 1704 F.

251 1751 323 1814 728.
339 1748 396 1829 F,
419 1748 586 1812 Plutarchi
608 1747 764 1829 amicum,
786 1751 843 1835 qui
864 1751 898 1812 in
916 1748 1138 1835 compluribus
1162 1749 1241 1834 ejus
1263 1745 1391 1829 dialogis

249 1849 510 1915 interlocutoriam
532 1849 616 1934 agit)
638 1848 727 1914 nullo
755 1859 884 1935 praeter
904 1873 994 1933 eum,
1022 1851 1117 1935 cnjus
1140 1851 1308 1936 Apionem
1328 1868 1391 1910 suc·

249 1974 411 2017 cessorem
434 1951 537 2014 fuisse
554 1949 672 2014 Snidas
691 1973 717 2014 s.
740 1975 771 2014 r.
791 1944 913 2016 Ἀπίων
933 1952 1043 2016 tradit
1088 1953 1195 2017 Recte
1216 1951 1318 2036 igitur
1331 1949 1389 2034 ple-

250 2057 341 2142 rique
359 2053 464 2136 magis
481 2053 629 2116 minusve
651 2051 852 2117 confidenter
872 2053 958 2118 hunc
976 2052 1106 2118 illorum
1125 2075 1270 2139 operum
1291 2057 1390 2114 aucto-

249 2179 318 2220 rem
350 2155 453 2219 fuisse
485 2163 678 2240 posuerunt,
710 2155 884 2240 praecipue
915 2153 1181 2219 anscmalrerus
1212 2151 1323 2218 Praef.
1353 2149 1388 2212 atl

248 2256 453 2322 SchNicand.
477 2279 509 2342 p.
532 2272 554 2317 1.
599 2255 737 2320 Temere
759 2255 883 2321 scholia
904 2258 937 2319 in
955 2255 1167 2342 Apollonium
1194 2252 1389 2320 Aelio'The

247 2362 301 2423 oni
324 2359 502 2445 sophistae,
524 2357 851 2444 Progymnasmatum
870 2359 1010 2440 auctori,
1030 2357 1146 2422 tribuit
1164 2359 1331 2422 Kusterus
1351 2351 1386 2415 ad

248 2459 366 2540 Sum,
388 2468 508 2523 temere
538 2459 662 2524 scholia
682 2460 716 2522 in
738 2457 939 2522 Nicandrum
962 2457 1087 2522 Theoni
1110 2459 1243 2524 medico
1266 2456 1387 2520 Warto·

246 2583 322 2640 nus,
345 2569 466 2623 temere
482 2559 644 2624 Baehrius
666 2561 700 2624 in
723 2560 840 2646 Paulyi
867 2559 1003 2645 Encycl.
1031 2576 1066 2623 vl
1087 2583 1120 2644 p.
1147 2563 1243 2624 1797.
1269 2557 1385 2622 dubitat

245 2671 351 2725 utrum
370 2659 536 2726 Thoonem
553 2659 816 2726 mathematicum
832 2661 997 2747 Hypatius
1018 2670 1141 2748 patrem
1159 2663 1271 2747 (circa
1283 2681 1313 2724 a.
1330 2661 1385 2724 361>

244 2785 274 2848 p.
293 2761 385 2847 Chr.)
408 2783 450 2826 an
468 2763 608 2848 Apionis
623 2774 861 2829 antecessorem
885 2764 1050 2827 variorum
1075 2763 1209 2827 illorum
1231 2783 1384 2828 commen·

243 2866 398 2928 tariorum
429 2875 594 2930 auctorem
622 2865 756 2948 habeat3
779 2865 865 2952 quod
887 2864 1072 2928 Meinekius
1098 2864 1247 2930 Comicc.
1271 2862 1342 2928 Vol.
1364 2877 1382 2922 1.

242 2965 373 3029 Aelium
395 2966 562 3032 Thoonem
589 2976 743 3053 tanquam
773 2966 871 3031 lexici
894 2967 1009 3032 comici
1040 2977 1207 3031 auctorem
1232 2967 1383 3042 nominat,

166 3057 174 3076 ⁹
242 3069 416 3132 memoriae
434 3067 528 3155 lapsu
548 3068 671 3132 factum
690 3068 831 3133 videtur.
876 3067 983 3148 Quum
1004 3069 1091 3155 Apio
1115 3067 1251 3134 Claudii
1276 3077 1308 3130 et
1326 3063 1382 3128 lle-

241 3171 330 3234 ronis
351 3178 458 3234 aetate
480 3171 638 3248 floruerit,
663 3171 735 3257 ejus
756 3179 945 3235 antecessor
967 3170 1056 3236 Theo
1075 3179 1223 3235 extrema
1245 3165 1381 3252 Augusti

241 3281 346 3337 aetate
369 3274 515 3336 floruisse
536 3271 773 3335 existimandus
797 3280 861 3354 est,
882 3271 1019 3360 Didymi
1042 3270 1269 3354 Chalcenteri,
1292 3270 1379 3354 cujus

240 3375 326 3460 Apio
347 3367 495 3457 θρεπτός
516 3373 594 3450 fuit,
617 3372 780 3459 aequalis3
804 3373 890 3438 hunc
911 3396 989 3438 vcro
1012 3395 1039 3436 a.
1063 3378 1098 3436 lt
1125 3393 1156 3436 a.
1174 3371 1252 3438 Chr.
1275 3381 1378 3436 natum

239 3497 311 3539 esse
348 3475 393 3538 M.
423 3473 622 3538 Schmidtius
651 3477 868 3562 computavit,
903 3475 958 3561 qui
986 3475 1153 3540 Theonem
1180 3473 1319 3561 Didymi
1347 3471 1376 3533 in

238 3575 418 3640 condendis
446 3575 562 3640 lexicis
590 3579 715 3664 tragico
745 3576 868 3644 comico
896 3586 1078 3643 consortem
1107 3573 1211 3642 fuisse
1243 3573 1376 3662 conjecit
1462 3596 1463 3639 t

237 3683 276 3740 dc
295 3684 356 3740 lor.
377 3697 452 3740 com.
475 3686 557 3741 extr.
1282 3739 1288 3748 .

322 3779 418 3858 Quod
445 3773 647 3844 Fritzschius
668 3801 701 3867 p.
722 3781 774 3846 32.
800 3779 966 3846 Thoonem
987 3779 1154 3846 Theocriti
1181 3791 1214 3844 et
1243 3780 1373 3866 reliquo·
1462 3804 1463 3849 t

235 3903 305 3945 rum
329 3880 459 3945 illorum
481 3888 650 3967 potiturum
666 3882 876 3969 interpretem
891 3881 1055 3969 lexicique
1077 3883 1192 3946 comici
1215 3892 1371 3948 auctorem

163 4001 175 4023 ·
236 4005 256 4046 a
277 3981 410 4047 Theonc
433 3981 572 4069 Apionis
593 3991 799 4048 antecessore
821 3983 922 4073 probe
944 3983 1210 4070 distinguendum
1235 4005 1305 4048 osse
1330 3980 1371 4044 di·
1462 3976 1463 4031 l

235 4087 294 4170 cit,
310 4083 401 4149 nulla
423 4085 489 4148 alia
510 4105 610 4147 cansa
631 4091 736 4149 motus
757 4085 854 4167 dixit,
877 4107 975 4173 quarn
994 4086 1081 4172 quod
1100 4085 1265 4152 Theocriti
1281 4086 1369 4150 inter·

227 4207 308 4274 pres
337 4187 371 4249 in
400 4185 503 4250 altero
530 4185 829 4272 Etymologicorum
860 4187 931 4251 loco
963 4178 982 4250 ὁ
1007 4181 1252 4270 Ἀρτεμιδώρου
1275 4183 1369 4249 audit.

233 4287 340 4366 Quum
357 4289 444 4351 onim
463 4286 663 4350 Artemidori
678 4287 873 4374 discipulum
890 4289 1116 4370 intellexisset,
1133 4287 1367 4352 Artemidorum

231 4398 357 4468 autem,
384 4389 633 4472 grammaticum
654 4386 762 4470 illam,
792 4391 848 4475 qui
875 4391 1053 4468 secundum
1075 4393 1276 4478 epigramma
1297 4389 1367 4454 Pro·
