2968 5060
210 387 282 436 LXX
668 377 878 428 palarmo,

211 537 313 604 Brub.
330 553 351 598 1.
376 551 412 597 11.
436 541 470 598 et
490 531 660 619 inscriptio
682 541 714 597 ct
733 533 840 619 ipsum
863 551 944 618 opus
963 551 1007 593 ox
1021 528 1073 592 ed.
1089 527 1191 595 Basil.
1208 531 1363 618 repetita

212 653 287 710 sunt
313 641 461 727 exceptis
487 639 667 704 Camerarii
695 639 799 704 variis
824 635 1019 702 lectionibus
1047 643 1081 700 et
1108 635 1183 701 aliis
1215 637 1360 724 quibus-

213 753 289 818 dam
308 751 342 814 in
364 747 428 810 fine
451 743 584 810 additis.

298 853 441 941 StephV.]
474 857 604 931 Moschi,
638 855 758 928 Bionis,
792 853 940 914 Theocriti
967 854 1073 931 idyllia
1102 855 1217 928 aliquot
1243 853 1283 914 uh
1311 855 1361 914 II.

213 967 364 1042 Stephano
385 965 477 1024 latiae
491 961 581 1034 sacta
596 965 658 1021 ete.
702 959 828 1020 Venetiis
849 975 899 1034 up.
920 960 1038 1021 Alliam.
1059 967 1142 1020 1555.
1165 961 1197 1020 4.
1230 955 1361 1020 Insunt

214 1067 382 1134 versiones
404 1064 552 1150 politicae
575 1059 763 1148 idylliorum
788 1061 911 1126 Mosch.
942 1079 993 1126 111.
1018 1079 1064 1126 lv.
1086 1061 1180 1127 Bion.
1204 1079 1240 1125 n.
1265 1067 1359 1148 (tan-

215 1193 312 1260 quam
328 1168 500 1254 Moschoi.)
520 1165 645 1232 Moscb.
662 1183 695 1230 V.
718 1173 750 1230 ct
765 1167 859 1231 Bion.
883 1183 945 1232 ΧΗ.
970 1185 1028 1249 rx,
1050 1176 1119 1231 turn
1133 1164 1273 1231 Theocr.
1300 1183 1356 1230 111.

214 1279 283 1342 Iuc.
309 1293 354 1339 ιν.
384 1291 421 1337 11.
449 1295 525 1338 curn
549 1271 816 1338 adnotationibus
845 1271 1041 1359 quibusdam
1062 1282 1104 1348 ,et
1129 1273 1257 1362 aliquot
1279 1299 1356 1362 pro·

214 1383 295 1472 priis
318 1379 361 1445 H.
389 1379 546 1466 Stephani
573 1379 787 1445 carminibus.
838 1377 1018 1465 Exemplar
1046 1381 1158 1468 accepi
1194 1403 1238 1445 ex
1269 1379 1354 1445 bibl.

216 1485 488 1574 Guelferbytana.

302 1593 372 1681 -]*
395 1597 524 1672 Moschi,
540 1597 645 1658 Bionis
660 1598 721 1656 etc.
746 1591 798 1677 (ut
819 1593 853 1656 in
870 1589 993 1678 praec.)
1007 1594 1143 1682 lutetiae
1164 1611 1205 1654 a
1225 1595 1353 1668 omem
1473 1585 1474 1601 2

214 1705 337 1766 liuberti
355 1703 509 1780 Stephani.
531 1704 574 1763 M.
586 1703 622 1763 Ι).
636 1702 720 1764 Ll'I.
742 1702 773 1761 4.
824 1696 988 1783 Repetitio
1009 1692 1084 1758 libri
1106 1697 1348 1782 praecedentis.

300 1804 396 1870 Aliae
421 1805 584 1892 quaedam
613 1805 782 1870 versiones
812 1803 959 1891 politicae
991 1801 1192 1868 editionibus
1214 1805 1350 1869 additae

213 1915 250 1996 in
272 1912 387 1979 harum
405 1913 594 1977 recensione
617 1919 884 1976 commemoratae
907 1918 992 1973 sunt.

480 2015 517 2099 b)
541 2017 776 2082 Prosaieae.

299 2121 376 2210 liin]
405 2127 551 2186 Theocriti
580 2127 687 2203 idyllia
707 2129 884 2202 triaiatasex
915 2144 1019 2187 recens
1045 2141 1196 2200 amasco
1222 2127 1254 2186 in
1282 2129 1348 2186 lati-

215 2249 285 2292 num
307 2234 351 2293 aa
371 2235 488 2294 nahum
509 2236 658 2292 translata
680 2234 804 2294 Andrea
819 2234 893 2295 Divo
915 2232 1161 2306 Iustinopalitaao
1179 2235 1348 2322 inter-prete.

215 2338 355 2398 Eiusdem
375 2343 609 2414 epiqrammata,
632 2339 784 2413 bipennis,
806 2343 859 2399 ula
879 2345 909 2400 et
927 2357 985 2399 aru
1002 2339 1149 2398 latinitate
1166 2339 1280 2398 donata
1296 2358 1348 2400 co-

214 2443 281 2504 dem
300 2443 423 2503 Andrea
444 2444 518 2504 Diuo
540 2445 709 2518 interprete.
761 2445 887 2506 Venetiis
912 2445 998 2522 apud
1017 2442 1158 2504 Iacobum
1179 2459 1199 2501 a
1223 2443 1348 2519 Buran-

211 2549 354 2624 sraacha.
378 2549 422 2608 hl.
434 2549 470 2608 h.
482 2547 638 2608 XXXIX.
663 2547 693 2608 8.
736 2543 929 2632 Exemplari
950 2567 1030 2610 usus
1059 2566 1130 2609 sum
1153 2543 1347 2612 Dresdcnsi.

300 2649 373 2738 *l*
404 2655 612 2716 Theocriti-
634 2655 677 2714 M.
689 2656 726 2716 ll.
740 2655 895 2717 XXXIX.
924 2653 975 2738 (ut
996 2653 1032 2716 in
1049 2651 1173 2740 praec.)
1196 2655 1348 2719 Basileae.

215 2757 255 2822 ln
279 2757 383 2821 ealce:
419 2760 560 2822 Basileae
588 2763 673 2837 apud
700 2761 961 2837 Barptulomaeum
990 2762 1230 2825 Westhemnum.
1255 2765 1299 2823 M.
1312 2766 1347 2824 li.

213 2867 295 2927 XLI.
318 2865 348 2926 8.

297 2965 380 3053 -]*
405 2969 553 3032 Theocriti
572 2987 666 3050 opera
686 2988 825 3032 reemse
847 2973 962 3034 Graeco
990 2977 1021 3033 in
1038 2973 1178 3035 Latinum
1199 2979 1349 3034 translata

213 3077 337 3137 Andrea
357 3077 430 3137 Diuo
450 3077 694 3153 Iustinopolitauo
714 3079 873 3154 interprete
893 3078 1034 3140 Basileus
1055 3080 1141 3156 apua
1159 3080 1246 3140 Ioan.
1267 3081 1349 3157 tipo-

213 3185 322 3243 rinum.
362 3177 403 3244 In
425 3181 529 3247 calce:
559 3185 682 3246 Bernae
700 3189 730 3246 in
754 3185 894 3246 Heluetiis
917 3203 975 3261 per
998 3185 1165 3246 Samuelem
1188 3186 1349 3262 Apiarium

214 3290 376 3367 sumptibus
389 3291 475 3351 Iaau.
496 3291 626 3368 Oporini.
650 3292 693 3351 M.
705 3293 741 3352 B.
753 3292 859 3354 Lllll.
884 3289 914 3352 8.

306 3393 410 3480 Winsl
434 3399 645 3472 Interpretatio
667 3397 866 3473 Eidulliorum
896 3397 1044 3458 Theocriti
1070 3397 1182 3457 dictata
1210 3402 1241 3458 in
1264 3401 1350 3460 Aca-

213 3499 311 3558 demia
339 3503 592 3574 Wlteherqensia
624 3501 686 3560 l'ita
714 3503 880 3560 Winsemio.
933 3503 1058 3563 Adiecta
1084 3511 1153 3563 sum
1171 3511 1200 3564 et
1219 3506 1350 3578 Scholia,

213 3605 316 3677 quibus
335 3606 401 3663 laea
413 3604 590 3678 difficiliora
605 3606 806 3679 explicantur.
839 3605 1034 3679 Francosorti
1052 3625 1110 3684 per
1127 3611 1246 3671 Petrum
1261 3612 1351 3671 Bru-

213 3708 359 3767 liachium.
390 3703 431 3768 In
451 3704 558 3769 calce:
579 3708 726 3780 Francos.
747 3725 787 3768 ex
801 3709 853 3781 off.
875 3713 910 3772 P.
933 3713 1103 3776 Bruhachii
1124 3717 1167 3776 M.
1179 3717 1350 3778 lthVIIl.

214 3813 245 3873 8.
288 3809 407 3876 Insunt
432 3810 548 3897 idyllia
570 3809 767 3896 trigintasex
787 3809 956 3898 Calliergi.

295 3915 392 3980 Hanc
422 3917 724 4003 interpretationem
749 3919 864 4003 paucis
887 3923 1021 3986 mutatis
1053 3925 1255 4009 repetierunt
1277 3945 1350 3988 ver-

215 4025 323 4088 siones
349 4023 518 4109 prosaicae
547 4020 750 4088 editionibus
782 4023 872 4090 Mek.
902 4025 1010 4116 Crisp.
1042 4029 1153 4117 Stcpb.
1178 4047 1215 4093 11.
1247 4029 1348 4116 Vign.

214 4130 339 4196 Comm.
361 4129 477 4196 Heins.
498 4129 640 4194 additae.

387 4310 423 4404 §-
450 4309 507 4380 ιι.
559 4309 615 4384 oe
640 4309 751 4386 suus
777 4312 954 4387 annona
981 4313 1178 4388 usuum.

296 4453 325 4530 1)
341 4449 449 4530 Quum
463 4459 539 4515 ante
553 4449 612 4515 hos
626 4452 770 4540 quinquo
783 4475 886 4518 annos
898 4461 1033 4538 rogante
1049 4455 1088 4517 B.
1103 4453 1143 4519 G.
1163 4451 1352 4540 Teubnero,
