2968 5060
613 333 821 384 PRAEFATIO.
1197 345 1282 392 XLIX

95 465 264 534 editorem
289 473 492 544 codicibus
515 489 750 573 manuscriptis
781 490 883 554 tacite
906 512 1000 555 usum
1024 513 1095 556 esse
1117 493 1209 558 nulla
1228 518 1280 561 su-

97 573 205 658 spicio
229 587 297 643 est.
350 580 652 655 Enumeravimus
675 603 782 658 autem
798 616 912 660 omnes
927 596 1104 682 editiones,
1125 623 1205 687 quas
1223 625 1277 667 cx-

94 689 167 744 tare
195 685 333 750 certius
368 705 593 780 compertum
614 708 677 783 est3
698 721 781 787 quas
805 723 918 766 omncs
942 705 1161 790 (paucissimis
1183 730 1276 773 exce-

96 787 183 873 ptis,
208 813 305 876 quae
331 796 442 861 infra
464 805 635 868 asteriscis
656 804 810 891 praefixis
834 807 1084 896 indicabuntur)
1107 813 1189 878 meis
1210 837 1276 879 ma·

94 893 197 959 nibus
222 897 276 961 ita
298 901 409 985 trivi,
437 914 478 968 nt
498 915 624 992 partem
640 909 892 994 diligentissime
911 918 1129 1001 excusserim,
1152 929 1276 1006 partem

96 1019 136 1062 ca
160 1023 265 1085 eura,
293 1028 372 1091 qua
397 1009 528 1096 dignae
549 1035 620 1077 esse
643 1015 856 1100 videbantur,
883 1019 1151 1106 perlustraverim
1174 1035 1207 1090 et
1225 1049 1276 1091 oc-

95 1105 236 1170 casione
258 1107 353 1174 dats
375 1115 600 1203 inspexerim.
644 1119 696 1183 De
724 1121 870 1188 fontibus
889 1133 922 1188 et
943 1128 1050 1210 pretio
1072 1130 1274 1216 singularum

96 1209 294 1278 editionum
333 1217 409 1284 hoc
439 1221 511 1287 leco
543 1247 610 1290 non
638 1226 708 1291 dixi
735 1229 800 1292 nisi
835 1251 918 1316 quae
950 1233 1157 1318 apertissima
1186 1245 1271 1320 sunt,

97 1337 202 1402 quum
232 1320 273 1384 in
304 1324 408 1410 ipsis
433 1331 674 1416 antiquissimis
703 1343 735 1396 et
757 1337 887 1420 optimis
909 1337 1066 1402 iudicium
1091 1341 1234 1427 pendeat
1252 1364 1273 1406 a

98 1427 311 1507 quaestione
349 1431 399 1496 dc
428 1433 564 1500 familiis
592 1448 623 1503 et
648 1441 842 1505 auctoritate
863 1442 1009 1508 codicum
1035 1448 1271 1534 manuscripto·

99 1551 174 1592 rum
191 1533 438 1602 instituenda.
485 1539 614 1607 Titulos
637 1553 670 1608 ct
691 1545 946 1633 subscriptiones
968 1551 1269 1637 antiquissimarum

101 1633 301 1705 editionum
340 1641 597 1729 religiosissime
626 1652 877 1739 exscripsimus,
912 1653 946 1716 in
980 1655 1115 1741 reliquis
1146 1659 1270 1723 minore

102 1745 287 1811 anxietate
309 1751 455 1814 versati.

598 1894 814 1903 *-

199 1977 310 2066 Med.]
341 1978 446 2045 Liber
476 1983 547 2046 sine
574 1981 668 2047 titulo
701 1981 755 2047 vel
790 1985 987 2074 typographi
1021 1985 1271 2075 subscriptione,

115 2079 248 2144 Theocr.
285 2090 488 2148 I-XVIII.
517 2095 550 2150 et
578 2087 715 2152 Hesiodi
745 2089 785 2154 Ο.
815 2102 847 2156 et
871 2092 915 2156 D.
944 2093 1127 2159 continens.
1151 2093 1207 2160 iol.
1228 2133 1272 2146 -

112 2181 216 2251 Hanc
239 2190 427 2256 editionem
444 2197 613 2258 Mediolani
632 2195 719 2258 eirca
740 2216 771 2259 a.
800 2201 878 2262 1480
902 2201 954 2266 vel
979 2201 1056 2264 1481
1083 2202 1171 2288 typis
1187 2201 1272 2267 Boni

114 2291 282 2360 Accersii
303 2299 496 2384 impressam
516 2321 589 2364 esse
604 2301 800 2364 recentiores
817 2299 1037 2388 bibliographi
1052 2307 1268 2389 consentiunt,

117 2419 269 2482 quorum
294 2407 500 2489 argumentis
519 2405 581 2470 hoc
603 2405 704 2489 addo,
728 2407 813 2494 quod
836 2407 941 2473 codex
963 2407 1145 2506 Gothanus,
1170 2435 1267 2500 quem

122 2503 263 2572 Rhesus
290 2509 460 2575 Cretensis
485 2511 539 2575 die
565 2513 613 2574 15.
637 2508 752 2574 Octcb.
777 2514 855 2577 1482
879 2513 1026 2578 Venetiis
1046 2515 1207 2602 absolvit,
1227 2540 1270 2584 ex

119 2607 197 2694 ipsa
220 2611 276 2676 cd.
300 2613 390 2679 Med.
416 2618 604 2703 exscriptus
627 2637 698 2681 esse
720 2617 900 2703 videtur*).
928 2657 972 2666 -
1002 2620 1142 2688 Collatia
1169 2623 1267 2688 huius

123 2714 288 2782 editionis
311 2743 386 2786 cam
410 2723 537 2786 Comm.
565 2740 588 2785 1.
617 2729 708 2785 extat
733 2724 819 2789 inter
845 2726 956 2812 copias
982 2723 1267 2810 Dorvillianas**)

125 2821 236 2887 Oodd.
265 2823 372 2890 Dorv.
401 2853 434 2915 p.
465 2833 535 2911 71„
566 2827 653 2892 unde
684 2828 891 2893 Gaisfordius
919 2831 1099 2916 sumpsisse
1126 2830 1268 2914 videtur,

129 2949 217 3012 quae
252 2953 295 2994 ex
338 2934 423 2998 Med.
457 2932 577 2998 attulit.
635 2931 801 3012 Quasdam
834 2935 991 2999 lectiones
1026 2933 1266 3000 Valckenarius

131 3043 165 3096 et
198 3035 483 3104 Wordswcrthius
518 3047 759 3126 excerpserunt.
820 3037 897 3126 Ipse
936 3039 1060 3104 contuli
1099 3042 1267 3127 exemplar

130 3138 372 3224 Lugdunense,
399 3143 493 3206 cuius
522 3165 616 3208 usum
647 3144 771 3228 insigni
798 3142 911 3208 iacobi
939 3143 1047 3208 Geelii
1074 3142 1269 3210 humanitati

132 3245 245 3314 debeo.

217 3353 300 3443 ΑΜ]
331 3347 434 3418 Τάδε
455 3355 597 3418 ἔνεστι
619 3351 662 3417 ἐν
684 3351 779 3438 τῇδε
801 3351 848 3438 τῇ
868 3351 1013 3436 βίβλῳ·
1038 3355 1270 3434 Θεοκρίτου

199 3579 227 3646 *)
251 3581 367 3632 Praeter
391 3575 526 3641 plurimas
550 3573 682 3626 lectiones
703 3574 765 3626 aliis
789 3575 926 3641 pessimae
950 3573 1073 3625 familiae
1097 3573 1174 3624 libris
1196 3591 1265 3626 eom·

132 3687 228 3722 munes
251 3669 432 3721 conserantur
454 3666 562 3730 aliquot
586 3665 741 3730 sphalmata
769 3665 835 3720 solis
859 3665 1058 3718 Mediolanensi
1080 3669 1107 3714 et
1131 3663 1267 3728 Gothano,

135 3769 267 3826 quantum
286 3763 425 3828 cognitum
445 3761 504 3818 cst,
523 3755 689 3820 peculiaria,
709 3762 740 3806 ut
759 3773 778 3820 1,
797 3755 839 3806 60.
860 3753 895 3804 cl'
907 3769 958 3819 μεν
976 3771 1025 3820 pro
1043 3751 1078 3802 al
1092 3769 1149 3816 sav,
1167 3755 1210 3805 64.
1231 3746 1269 3812 ὥς

135 3869 181 3916 pro
199 3843 241 3912 rii
261 3851 343 3901 (loth.
364 3855 392 3902 et
412 3859 454 3897 aa
472 3846 563 3906 Med,
586 3845 652 3896 ibid.
671 3835 813 3908 dipsadas
830 3861 880 3911 pro
897 3837 1049 3909 instdoa.
1086 3843 1171 3894 Cuius
1189 3859 1268 3908 gene·

135 3943 171 3994 ria
190 3941 285 4008 plura,
308 3942 363 3992 nisi
381 3938 483 3998 failor,
509 3935 718 3999 comparebunt,
748 3935 772 3985 si
795 3939 855 4000 quis
875 3937 996 3988 codicem
1014 3932 1170 3984 tiothanum
1187 3949 1268 3985 accu-

135 4033 220 4082 ratius
237 4031 399 4082 excusserit.

202 4137 246 4201 '⁸)
265 4136 424 4188 Derrillius
450 4133 598 4184 editionem
624 4134 704 4184 Dcm.
724 4131 926 4196 Chaleondylae
949 4129 1097 4180 contulisse
1120 4126 1174 4177 sibi
1192 4128 1269 4176 visus

134 4237 189 4288 est,
208 4243 298 4279 errore
317 4229 407 4278 etiam
426 4223 613 4274 Valckenario
629 4224 657 4273 iu
675 4223 765 4273 Praei.
786 4229 813 4274 at
831 4220 895 4272 aliis
913 4220 1062 4278 communi,
1082 4218 1128 4282 qui
1148 4217 1270 4265 manavit

137 4317 166 4366 ab
184 4317 335 4384 exemplari
360 4313 558 4380 Lugdunensi,
583 4313 653 4378 quod
677 4311 771 4361 eadem
794 4326 924 4376 compage
950 4311 1099 4360 Isocratem
1122 4303 1271 4354 Mediolani

132 4421 153 4456 a.
175 4409 240 4460 1493
261 4423 278 4457 a
299 4402 494 4468 Chalcomlyla
513 4402 615 4452 editum
635 4405 720 4452 tenet.

168 4511 326 4554 BUCOLlCl
352 4509 409 4550 GR.
428 4507 452 4547 1.
1088 4477 1108 4536 d
