2946 5046
546 403 750 452 PRAEFATIO.
1157 401 1218 452 tax

88 591 149 634 mm
173 569 270 657 hujus
293 571 407 638 codex
429 576 480 639 23.
488 625 497 656 ,
520 593 656 661 quocum
679 574 724 638 M.
745 575 934 663 aliquoties,
957 583 992 640 ut
1015 597 1113 664 supra
1135 575 1217 640 indi·
1253 553 1258 564 ⁴

89 675 234 756 cavimus',
258 675 295 737 in
316 674 457 740 scholiis
480 697 540 742 nee
561 697 634 742 raro
657 679 690 740 in
712 678 830 763 glossis
849 679 1029 764 conspirat,
1053 680 1087 741 in
1104 685 1219 764 poetae

88 773 178 838 verbis
193 795 268 840 eum
288 800 324 864 p.
350 783 386 843 3.
408 787 500 842 arcte
522 779 714 865 conjunctus
732 789 791 844 est.
835 780 904 844 Nec
927 781 996 844 fere
1011 781 1125 846 dubito
1141 780 1219 868 quin

87 875 236 940 Planudea
258 902 400 968 quoque
423 880 548 946 scholia
569 881 737 962 asciverit,
761 903 945 969 quanquam
964 884 1036 968 ejus
1056 885 1103 968 rei
1122 882 1220 947 vesti·

83 979 127 1062 gia
144 979 252 1046 minus
273 991 398 1068 aperta
417 993 504 1048 sunt.
548 979 652 1045 Multa
674 992 780 1047 autem
801 983 926 1049 scholia
947 983 1022 1050 huic
1043 993 1156 1050 sextae
1173 983 1219 1046 fa-

43 1087 45 1094 ’
82 1079 176 1144 miliae
204 1086 366 1170 propria,
394 1107 479 1172 quae
506 1083 658 1149 Triclinii
685 1085 814 1150 nomine
845 1096 971 1168 carent,
1005 1088 1124 1174 partim
1156 1084 1220 1172 ipsi

83 1179 224 1248 Triclinia
237 1185 363 1251 deberi
379 1188 533 1252 videntur
550 1185 727 1252 levioribus
746 1207 864 1252 nomen
881 1211 974 1254 suum
994 1188 1116 1256 addere
1132 1209 1219 1275 sper·

83 1288 172 1368 uenti,
203 1290 333 1373 partim
359 1289 564 1376 (praesertim
586 1309 670 1374 quae
692 1289 727 1354 in
749 1288 793 1353 M.
812 1311 907 1378 super
925 1290 1028 1356 lineas
1053 1290 1218 1376 leguntur)

83 1387 381 1470 aigrammatienlo
403 1399 511 1455 sectae
533 1390 770 1475 Triclinianae,
795 1394 850 1478 qui
877 1391 1020 1458 codicem
1042 1392 1087 1458 M.
1108 1413 1220 1458 exara·

84 1487 130 1550 rit
168 1488 222 1554 De
246 1514 320 1577 qua
343 1515 380 1558 re
402 1494 584 1558 accuratius
607 1515 765 1580 quaerere
786 1515 903 1581 operae
920 1516 985 1560 non
1000 1496 1139 1582 pretium
1160 1502 1219 1558 est.

87 1587 183 1654 -Dc
205 1593 330 1660 codice
359 1594 445 1660 Gen.
466 1595 526 1660 hoc
550 1593 620 1660 loce
643 1595 816 1660 dicendum
842 1595 942 1679 duco,
970 1617 1028 1662 cur
1052 1598 1087 1662 in
1112 1595 1161 1660 Id.
1185 1612 1219 1658 x.

87 1711 141 1754 eam
159 1695 490 1783 interpretationem,
519 1719 604 1784 quae
628 1699 662 1762 in
689 1697 774 1762 libro
796 1699 885 1785 prior
906 1707 971 1780 est,
997 1697 1105 1764 Genr·
1132 1695 1222 1760 dixe·

87 1794 147 1875 nm,
168 1801 394 1882 posteriorem
410 1821 490 1864 vero
505 1799 607 1875 Gen.·:
646 1799 753 1882 Quum
775 1801 861 1865 enim
882 1798 1005 1866 scholia
1020 1799 1222 1866 Tricliniana

86 1905 109 1958 et
126 1897 273 1985 reliquus
299 1922 482 1966 consensus
505 1923 577 1966 cum
599 1903 658 1992 M„
682 1902 801 1989 quibus
823 1903 858 1965 in
876 1903 993 1966 ceteris
1016 1903 1103 1989 prior
1124 1901 1221 1966 inter·
1295 1909 1299 1918 ’

85 2000 208 2081 prolatio
230 2001 348 2070 Gem'·
370 2004 509 2088 insignis
532 2013 597 2086 est,
618 2005 658 2070 ad
681 2004 742 2070 hoc
763 2002 913 2090 idyllium
936 2005 1042 2091 potius
1063 2005 1097 2066 in
1116 2010 1221 2089 poste·

85 2099 156 2164 riore
177 2115 393 2191 spectentur,
422 2103 480 2170 illa
501 2127 579 2172 vcro
607 2107 693 2172 idern
715 2127 819 2192 genus
849 2104 1046 2172 scholiorum
1068 2104 1222 2170 vetustio-

85 2221 145 2266 rum
162 2203 306 2287 haheat,
322 2207 410 2296 quod
425 2216 594 2300 praeterea
608 2209 782 2295 posterior,
806 2208 886 2272 satis
901 2217 1036 2295 apparet
1055 2207 1222 2272 librarium

86 2323 153 2368 casu
172 2306 294 2398 aliquo
318 2311 622 2398 interpretationum
645 2309 790 2376 ordinem
814 2309 857 2374 ad
885 2309 946 2376 hoc
973 2308 1125 2395 idyllium
1152 2331 1222 2396 per·

89 2413 226 2476 numsse.
276 2411 348 2478 Nec
378 2413 486 2476 minus
514 2421 649 2498 apparet
672 2411 716 2476 ad
743 2410 793 2475 Id.
818 2429 882 2476 xnr
905 2433 994 2499 seqq.
1021 2413 1151 2476 unicam
1175 2412 1223 2476 in·

90 2515 364 2598 terpretationem,
390 2515 533 2600 quaein
559 2513 672 2578 codiee
693 2521 800 2594 extat,
827 2511 1037 2578 Triclinianis
1060 2523 1222 2579 carentem

89 2609 122 2673 ad
141 2613 248 2681 eenr-
271 2615 479 2682 referendam
499 2637 582 2680 esse.
627 2615 780 2682 Ceterum
799 2615 917 2698 Gen.··,
938 2638 1032 2704 quem
1055 2639 1097 2681 ex
1118 2617 1223 2680 varia-

89 2733 147 2776 rum
167 2718 373 2785 familiarum
396 2717 489 2784 libris
510 2719 769 2784 consarcinatum
793 2717 953 2799 vidimus,
981 2729 1151 2806 praeterea
1169 2741 1222 2804 pe-

87 2815 212 2885 culiaria
232 2820 336 2886 hahet
354 2820 441 2886 haud
461 2842 579 2907 pauca,
595 2841 732 2908 quorum
754 2841 873 2904 magna
891 2841 967 2906 pars
985 2843 1028 2886 ex
1044 2820 1146 2886 Suida
1166 2841 1221 2885 cx·

90 2920 199 3008 scripta
222 2933 287 2988 est.
507 2919 509 2924 ’

162 3023 240 3090 Vll.
272 3023 451 3114 Septimum
470 3023 627 3088 familiam
650 3045 792 3110 agnosco
815 3026 849 3090 in
872 3025 932 3108 Q„
950 3025 1005 3112 qui
1027 3023 1111 3090 liber
1131 3046 1222 3111 prae·

88 3131 132 3188 ter
157 3127 358 3194 scholiorum
386 3127 599 3193 vetustiorum
628 3137 752 3213 partem
781 3136 814 3192 et
835 3127 994 3213 quaedam
1017 3149 1090 3190 cum
1112 3148 1224 3192 recen-

89 3224 197 3293 tiorum
221 3230 357 3295 familiis
380 3231 476 3295 tertia
497 3236 529 3294 et
550 3239 644 3295 sexta
666 3231 849 3296 communia
870 3230 966 3294 etiam
985 3226 1112 3312 aliquot
1133 3221 1224 3293 scho-

90 3325 127 3391 lia
147 3332 282 3420 propria
303 3333 403 3398 habet
424 3353 488 3396 non
515 3332 622 3397 malae
652 3341 763 3410 notae,
792 3330 850 3396 sed
877 3351 959 3417 quae
987 3329 1073 3393 inter
1102 3328 1226 3394 scholia

90 3437 263 3502 vetustiora
281 3437 444 3500 numerari
458 3457 554 3523 posse
570 3455 635 3498 non
650 3433 842 3515 videantur,
858 3441 894 3496 ut
908 3455 937 3518 p.
954 3433 1012 3513 76,
1032 3433 1079 3494 10.
1102 3432 1154 3514 86,
1172 3433 1223 3496 26.

94 3535 160 3620 rao,
186 3539 238 3600 ra.
265 3539 342 3620 ras,
368 3541 417 3602 10.
444 3539 517 3620 193,
543 3541 591 3600 17.
620 3539 767 3618 195,17.
792 3533 1224 3618 205,4.109,1.222,20.

91 3635 159 3722 223,
183 3645 234 3703 11.
257 3638 336 3720 228,
361 3640 410 3703 211.
434 3641 583 3724 268,11.’
607 3640 686 3721 283,
708 3641 739 3702 3.
762 3639 839 3720 287,
856 3642 885 3702 5.
910 3638 987 3718 296,
1007 3639 1055 3701 tt.
1079 3634 1224 3704 Moscho·

92 3737 252 3822 pulsorum
274 3739 358 3805 nihil
380 3742 476 3806 inest.

164 3841 218 3908 De
241 3841 317 3908 ahie
337 3841 430 3908 libris
449 3844 556 3907 minus
576 3833 704 3909 constet
725 3861 822 3928 quam
837 3850 873 3905 ut
894 3840 936 3908 ad
958 3849 1062 3906 certas
1085 3841 1224 3907 familias

90 3944 196 4010 referri
229 3946 368 4032 possint.
412 3943 465 4008 Ex
497 3945 616 4032 quibus
645 3967 746 4010 unum
773 3963 988 4009 commemoro
1018 3941 1111 4026 Bau,
1138 3943 1225 4008 uude

91 4057 213 4131 praeter
246 4045 386 4110 SchVet.
418 4047 517 4112 semel
545 4049 639 4112 varia
661 4045 756 4111 lectio
780 4045 823 4110 ad
851 4045 1009 4111 scholium
1031 4045 1223 4130 Moschopu·

92 4145 168 4214 lenm
193 4147 330 4214 affertur
349 4151 379 4229 ξ.
404 4151 458 4230 32,
480 4153 526 4232 2,
549 4149 643 4236 plura
665 4157 773 4213 autem
795 4146 918 4212 scholia
941 4149 1122 4213 recentiora
1143 4144 1225 4208 nulli

92 4249 140 4317 alii
161 4251 246 4316 libro
270 4252 470 4333 communia,
490 4259 527 4314 ut
546 4275 577 4338 p.
597 4253 653 4331 72,
673 4256 699 4313 l.
712 4249 824 4336 ·(qu0d
849 4272 958 4314 errore
982 4250 1065 4312 inter
1085 4245 1224 4314 SchVet.

92 4355 223 4439 pesitum
244 4360 295 4420 est
317 4375 360 4418 cx
378 4353 517 4420 Stobaeo
538 4353 811 4454 transsumptum)
836 4353 912 4434 133,
936 4354 983 4414 14.
1013 4353 1086 4430 150,
1110 4347 1139 4408 8.
1237 4401 1241 4412 .
