2980 5048
538 411 544 416 -
597 381 806 434 rarnrsrro.
1163 381 1282 431 xxxrrr
1399 437 1404 450 ,

126 551 234 634 betur,
265 551 383 640 paullo
411 563 486 642 post
507 554 635 620 Munati
661 556 926 620 commentarium
950 553 1079 620 ¹editum
1102 576 1161 620 sua
1184 538 1300 642 opere

126 653 283 739 evulgata
301 655 472 720 aemulum
496 657 653 720 extitisse.
700 656 744 721 Et
767 656 854 722 huno
877 665 1162 721 commentatorem
1186 668 1221 720 ut
1240 678 1282 720 ex

125 755 367 820 recentissimis
397 757 483 820 inter
511 759 705 823 venustiores
732 757 834 822 luisse
863 758 1035 823 credamus
1072 758 1181 822 omnia
1210 779 1281 822 sua·

126 855 222 938 dent3
242 879 346 944 quem
368 867 479 922 aetate
496 859 676 924 Justiniani
695 859 859 942 floruisse,
880 860 913 924 iu
933 859 1093 946 proximis
1110 857 1282 945 probabile

124 957 266 1022 reddere
289 958 509 1026 studebimus.

210 1060 248 1142 g)
274 1063 489 1125 Eratosthenes
512 1063 545 1124 in
569 1061 738 1138 codicibus
758 1065 786 1126 3.
800 1068 829 1126 4.
844 1066 873 1125 5.
895 1061 935 1126 L.
951 1061 1143 1148 hypothesis
1167 1061 1209 1125 ad
1227 1061 1277 1125 ld.

125 1175 188 1221 xrr.
221 1168 339 1224 auctor
373 1183 445 1226 esse
473 1161 672 1250 perhibetur.
719 1163 1009 1246 ltfuestemannus,
1039 1165 1095 1250 qui
1120 1163 1278 1228 Wartono

126 1260 201 1324 Vol.
227 1278 253 1324 ιι
273 1284 305 1347 p.
333 1265 404 1326 132.
429 1264 569 1328 credidit
590 1257 819 1330 Eratosthenis
839 1264 1051 1352 hypothesem
1076 1267 1110 1330 in
1138 1270 1166 1328 5.
1192 1265 1280 1329 edito
1336 1321 1344 1332 .

124 1362 230 1426 multo
254 1364 448 1450 ampliorem
470 1387 558 1446 esse,
588 1366 751 1432 dubitavit
766 1389 816 1430 -an
838 1367 945 1432 clarus
967 1367 1023 1432 ille
1045 1367 1278 1452 grammaticus

124 1465 324 1550 Cyrenaeus
346 1466 579 1552 intelligendus
600 1477 702 1551 esset,
718 1471 789 1555 ipso
809 1467 980 1533 Theocrito
998 1466 1142 1554 paullulo
1152 1469 1277 1554 junior.

123 1567 260 1651 Optime
294 1591 373 1634 vero
407 1567 609 1634 Fritzschius
642 1570 803 1634 intellexit
834 1571 944 1656 potius
982 1570 1022 1633 de
1061 1569 1277 1634 Eratosthene

124 1666 328 1734 scholastico
357 1671 566 1755 cogitandum
596 1693 669 1736 esse
703 1673 819 1736 aetatis
850 1671 1085 1736 Justiniansac
1108 1669 1192 1755 (vid.
1221 1670 1277 1734 Ja-

125 1769 217 1834 cobs.
240 1771 286 1836 ad
306 1770 442 1836 Authol.
467 1771 524 1836 Gr.
543 1771 616 1836 Vol.
636 1788 700 1834 xm
723 1795 755 1858 p.
773 1772 879 1859 89⁰),
902 1773 997 1857 cujus
1018 1773 1053 1837 in
1076 1770 1277 1856 Anthologia

124 1873 368 1958 epigrammata
390 1873 523 1960 aliquot
539 1882 662 1938 extant.
707 1873 817 1940 Uuurn
840 1874 925 1938 enim
944 1895 986 1936 ex
1002 1873 1053 1937 his
1069 1873 1138 1937 ΑΡ.
1156 1889 1192 1936 v1
1199 1921 1208 1955 ,
1227 1875 1277 1938 78.

124 1983 231 2038 lotum
255 1976 442 2053 bucolicum
465 1983 515 2038 est
537 1986 569 2040 et
590 1977 854 2056 in1imitationem
869 1974 1035 2039 Theocriti
1052 1975 1278 2061 compositum,

123 2083 160 2138 nt
184 2075 392 2140 Fritzschius
416 2077 684 2162 demonstravitt
707 2077 918 2164 Epigramma
939 2077 1002 2142 hoo
1024 2085 1087 2140 est:

217 2169 290 2253 Τώς
312 2170 439 2262 τρητώς
459 2171 620 2261 δόνακας,
644 2171 681 2244 τό
699 2173 803 2254 νάκος
816 2174 893 2244 τόδε
909 2175 971 2242 τόν
986 2201 1021 2242 τε
1040 2173 1192 2261 κορόναν

279 2273 385 2354 ἄνθος
406 2277 498 2345 Πανὶ
520 2283 608 2368 φίλῳ
630 2277 748 2364 Δάφνι
766 2281 1002 2364 γοναικοφίλα.

213 2363 240 2445 ci
265 2377 361 2462 Πάν,
383 2379 526 2463 δέχνυσο
549 2383 639 2466 δῶρα
663 2375 703 2448 cri
724 2377 916 2466 Δόφνιδοςι
940 2376 996 2446 ἴσα
1017 2373 1081 2465 γὰρ
1101 2370 1191 2467 αὐτῷ

280 2479 335 2546 καὶ
353 2475 489 2566 μολπὰν
511 2483 636 2566 φιλέεις
656 2482 711 2549 καὶ
730 2481 881 2568 δύσερως
900 2481 1057 2559 τελέθεις.

210 2583 249 2647 In
271 2580 462 2650 univerau'm
482 2587 584 2672 igitur
606 2585 806 2652 simillimum
826 2595 880 2668 est
895 2587 1121 2672 epigrammati
1137 2584 1273 2650 Theocr.
1306 2663 1312 2668 ι

122 2701 156 2748 x.
177 2684 261 2772 [u.],
280 2685 337 2750 ubi
360 2689 439 2752 item
462 2688 615 2776 Daphnis
637 2689 721 2753 Pani
743 2689 959 2753 instrumenta
982 2710 1041 2752 sua
1063 2686 1209 2768 dedicat3
1233 2687 1273 2751 de

121 2787 267 2871 singulis
295 2787 516 2854 locutionibus
548 2813 591 2856 ex
615 2790 789 2858 Theocrito
817 2791 927 2877 petitis
950 2787 1152 2854 Tritaschius
1174 2790 1272 2874 potis-

123 2890 246 2952 simum
270 2891 409 2956 contulit
439 2883 517 2967 τούς
545 2884 686 2976 τρητούς
714 2887 859 2966 δόνακας
883 2893 917 2956 in
946 2891 1001 2956 illo
1031 2890 1273 2976 epigrammate,
1332 2945 1337 2956 .

123 2985 229 3064 νάκος
258 2990 308 3056 Id.
338 3008 371 3074 v,
396 2994 425 3057 2.
449 2997 493 3070 9.,
522 2989 652 3076 κορύνα
674 3010 741 3075 vn,
766 2996 819 3059 43.
855 2995 1001 3077 1Χ,23.·,
1027 2989 1274 3074 γοναικοφίλας

121 3095 201 3158 item
224 3094 262 3156 in
281 3095 476 3179 pentametri
498 3097 590 3160 exitu
612 3113 690 3176 v111,
715 3101 784 3176 60„
808 3089 959 3178 δύσερως
975 3111 1009 3176 J,
1033 3097 1103 3173 85„
1125 3092 1183 3156 ubi
1205 3093 1272 3156 Do·

120 3195 220 3280 phnis
244 3195 291 3259 ita
311 3217 331 3258 a
350 3194 472 3281 Priapo
495 3195 689 3283 appellatur.
725 3252 732 3267 .

188 3281 296 3360 'Eum
323 3299 380 3383 qui
413 3297 609 3383 hypothesin
639 3300 673 3362 in
699 3297 750 3362 Id.
780 3313 842 3360 ΧΗ.
869 3297 1001 3384 scripsit
1027 3293 1196 3382 probabile
1223 3301 1273 3357 est

120 3399 221 3462 ctiam
246 3399 280 3462 in
300 3398 396 3484 plura
413 3397 581 3464 Theocriti
602 3398 718 3486 idyllia
739 3398 926 3485 scripsisse,
950 3397 1089 3460 fortasse
1112 3396 1146 3458 in
1165 3396 1272 3458 omnia

121 3521 181 3564 suo
203 3501 387 3587 exemplari
409 3500 660 3588 comprehensa,
682 3511 749 3564 tum
770 3499 909 3564 eundern
933 3521 999 3563 non
1018 3498 1051 3561 in
1076 3494 1153 3562 solis
1172 3496 1271 3584 hypo·

121 3601 272 3667 thesibus
301 3611 470 3668 versatum
500 3625 588 3684 esse,
614 3603 796 3668 sedetiam
825 3608 941 3687 potitae
970 3599 1082 3666 verbis
1112 3621 1271 3664 commen·

120 3703 229 3768 tandis
254 3724 388 3791 operam
412 3703 553 3769 dedisse.
599 3703 793 3788 Quanquam
812 3702 996 3767 Fritzschio
1018 3702 1088 3789 ejus
1111 3723 1271 3766 commen·

121 3807 194 3870 tarii
219 3805 377 3893 reliquias
405 3806 680 3892 circumspicienti
704 3827 756 3869 res
786 3801 870 3868 rnalc
893 3807 1003 3870 cessit.
1049 3803 1112 3870 Oui
1130 3805 1271 3890 primurn

121 3907 209 3972 Ethl.
241 3907 322 3991 529,
350 3913 403 3974 39.
435 3908 492 3993 (cf.
514 3907 602 3973 EtG.
628 3911 705 3988 303,
727 3911 795 3988 3l.,
823 3905 973 3972 Anecdd.
995 3905 1103 3970 Bekk.
1128 3927 1159 3991 p.
1183 3905 1270 3984 255.)

121 4001 223 4072 acroi
246 4004 463 4092 κόρρης-
487 4000 504 4073 ὁ
528 4005 565 4074 δὲ
584 4001 827 4092 Ἐρατοσθένης
849 3999 984 4070 ἅπασαν
1002 3999 1063 4090 τὴν
1085 4005 1142 4090 τῆς
1164 4027 1271 4087 κεφα-

120 4110 177 4194 λῆς
203 4101 339 4194 πληγήν
367 4111 409 4176 ad
434 4110 571 4176 Theoer.
602 4128 677 4192 xlv,
707 4115 758 4175 34.
789 4105 842 4174 ἐπὶ
864 4103 987 4193 κόρρας
1011 4110 1175 4196 pertinere
1199 4108 1272 4170 visa

120 4223 207 4296 suut3
230 4223 265 4278 at
287 4211 525 4298 Bernhardyus
548 4215 746 4292 rectissime,
776 4214 846 4298 ipso
868 4211 1018 4276 lemmate
1042 4200 1126 4274 κατὰ
1149 4201 1273 4287 κόρρης

119 4313 271 4396 docente,
303 4315 386 4380 haec
413 4315 457 4380 ad
488 4314 716 4380 Eratosthenis
739 4313 900 4400 Cyr'enaei
923 4311 1173 4378 commentarios
1197 4301 1273 4386 περὶ

118 4419 294 4504 κωμῳδίας
326 4415 486 4482 retulerat
518 4440 549 4502 p.
591 4418 673 4494 233„
698 4415 912 4504 probantibus
948 4410 1115 4477 hleinekio
1146 4405 1271 4470 Comus.

165 4539 303 4576 aoconrcr
322 4537 369 4574 err.
391 4537 424 4572 rr.
1048 4533 1066 4578 ο
