2968 5060
568 313 777 364 Faustulo.
1127 313 1240 362 uxxm

172 471 202 532 3.
229 465 428 532 Difficilior
461 467 507 530 fui
541 467 575 532 in
609 467 805 532 coniecturis
833 465 1048 554 recipiendia,
1078 467 1136 531 ubi
1163 465 1239 532 libri

93 572 197 660 paullo
223 572 388 638 meliores
420 575 646 655 consentiunt,
679 595 777 660 quam
805 574 864 638 ubi
893 575 927 638 in
956 573 1105 637 diversas
1131 583 1239 660 partes

94 679 272 744 discedunt.
318 679 479 745 Maxime
499 679 642 745 dubitari
661 686 786 766 potest,
809 681 838 744 si
857 679 989 767 quando
1008 679 1084 745 libri
1103 683 1239 746 correcti

94 788 260 850 lectionem
297 786 522 872 aliquatenus
557 783 761 850 tolerabilem
794 784 972 868 exhibent,
1005 789 1240 872 integrioribus

93 901 198 980 operte
213 894 406 980 corruptis.
440 891 479 956 In
494 891 652 957 eiusmodi
666 890 747 956 locis
762 890 881 954 retinui
898 889 966 956 fere
982 891 1115 958 illorum
1132 893 1240 960 lectio-

93 1019 177 1078 nem,
205 999 273 1062 nisi
303 1003 478 1067 correctio
499 999 704 1066 manifestior
724 1006 812 1062 esset
836 1007 869 1062 et
889 996 1059 1062 meliorum
1083 999 1240 1066 librorum

95 1113 241 1191 corrupta
267 1103 376 1172 lectio
410 1107 560 1172 faciliore
588 1105 768 1170 mutatione
800 1103 834 1168 in
863 1105 1018 1191 optimam
1045 1107 1239 1171 sententiam

96 1211 218 1275 metitoi
239 1222 374 1297 posset.

174 1322 205 1380 4.
226 1316 388 1382 Facilius
416 1321 623 1384 coniecturas
645 1319 769 1406 recepi,
794 1339 877 1406 quae
896 1339 939 1382 ex
962 1317 1238 1406 interpretationi-

97 1423 154 1488 bus
175 1423 394 1490 Scholiorum
423 1423 478 1488 vel
503 1445 546 1488 ex
572 1427 717 1512 antiquis
741 1423 978 1490 imitationibus
999 1423 1124 1510 aliquid
1147 1447 1238 1512 prae-

99 1529 170 1594 sidii
192 1529 334 1612 babent,
358 1526 495 1594 facilius
515 1531 641 1596 alienas
660 1555 759 1619 quam
780 1554 880 1596 meaa.

178 1639 208 1698 5.
234 1634 379 1700 Divisio
406 1633 589 1722 strophica,
619 1660 640 1702 a
664 1636 809 1712 librariis
837 1637 979 1725 pessime
1001 1637 1149 1719 turbata,
1176 1659 1239 1723 quo

100 1740 210 1804 melius
233 1749 437 1827 appareret,
465 1740 500 1804 in
526 1741 598 1828 ipso
623 1752 719 1809 textu
747 1743 866 1808 admisi
888 1763 1044 1818 versuum
1065 1743 1242 1828 transposi-

105 1847 203 1910 tiones
220 1855 253 1909 et
274 1831 478 1926 eiectiones,
506 1869 587 1934 quas
616 1847 764 1936 alioquin
792 1849 827 1914 in
849 1849 929 1914 Var.
952 1847 1042 1912 Lcct.
1063 1869 1242 1934 proponere

103 1952 295 2019 maluissem.

183 2057 339 2126 Ceterum
356 2061 440 2148 quid
457 2061 493 2124 in
514 2058 662 2126 hocloco
681 2069 770 2126 recte
789 2060 911 2147 quidve
931 2061 1040 2125 minus
1062 2071 1149 2128 reete
1169 2085 1242 2150 ege-

105 2164 216 2246 rimus,
239 2168 300 2231 vix
316 2170 402 2233 satis
420 2167 560 2233 iudicari
577 2169 712 2254 poterit,
735 2169 926 2254 priusquam
941 2167 977 2230 in
995 2175 1082 2232 tomo
1096 2171 1240 2235 secundo

108 2269 144 2332 de
164 2269 304 2336 fontium
326 2273 527 2342 anctoritate
556 2281 589 2338 et
616 2273 658 2338 de
686 2270 824 2359 singulis
846 2271 928 2337 locis
952 2271 1240 2360 disputaverimus.

109 2373 226 2440 lbidem
248 2381 447 2466 apparebit,
469 2404 534 2468 quo
553 2373 627 2444 'iure
650 2378 774 2465 aliquot
795 2375 913 2464 idyllia
932 2377 1033 2462 vulgo
1056 2379 1239 2468 Theocrito,

110 2477 214 2563 Bioui,
237 2482 379 2552 Moscho
398 2485 523 2552 tributa
540 2489 649 2573 potius
672 2486 806 2551 incertis
824 2484 929 2570 potitis
952 2483 1185 2570 adscripserim
1208 2497 1242 2554 et

110 2587 254 2654 maiorem
273 2602 408 2678 partem
430 2594 703 2681 epigrammatum
723 2588 988 2654 Theocriteorum
1009 2589 1044 2654 in
1066 2591 1241 2659 dubitatio·

112 2713 178 2756 nem
191 2701 402 2782 vocaverim,
418 2721 479 2764 nec
494 2701 602 2764 minus
617 2696 791 2763 multorum
810 2697 989 2760 carminum
1006 2696 1154 2762 ordinem
1171 2699 1242 2764 vul-

113 2821 214 2882 garem
241 2805 463 2887 mutaverim,
494 2823 681 2892 quanquam
712 2824 764 2866 me
793 2825 858 2868 non
888 2813 1009 2868 temero
1037 2807 1146 2889 egisse
1178 2807 1242 2870 iam

113 2925 190 2971 nunc
212 2909 427 2999 aliquatenus
450 2910 630 2993 docebunt,
658 2931 741 2997 quae
763 2909 799 2972 in
819 2909 897 2974 Var.
917 2910 1009 2974 Lect.
1034 2919 1066 2974 et
1088 2911 1123 2976 in
1143 2911 1241 2978 huius

114 3005 326 3082 Praelationis
363 3020 395 3098 ξ.
422 3019 453 3082 8.
483 3021 513 3081 9.
547 3016 668 3082 tradita
700 3024 786 3080 sunt.
835 3014 1002 3078 Asterisci
1038 3017 1242 3102 quorundam

113 3115 292 3200 idylliorum
320 3121 431 3188 titulis
453 3124 596 3210 appositi
617 3121 825 3209 significant,
854 3121 953 3183 etiam
982 3119 1023 3184 de
1044 3119 1160 3185 horum
1181 3125 1243 3188 ori-

114 3221 185 3303 giue
203 3224 402 3298 Theocritea
421 3229 548 3316 aliquid
569 3227 786 3295 dubitationis
809 3248 893 3292 esse.
939 3224 1080 3290 Carmen
1101 3225 1244 3294 Anacre-

115 3329 246 3400 ontieum
268 3337 323 3412 εἰς
343 3327 471 3420 νεκρὸν
481 3329 646 3414 Ἄδωνιν,
676 3332 764 3420 quod
788 3352 895 3418 neque
914 3328 1096 3396 bucolicum
1120 3342 1170 3398 est
1189 3359 1243 3401 ne·

117 3456 172 3520 que
197 3461 216 3504 a
241 3451 345 3531 poeta
375 3441 525 3508 bucolico
557 3443 731 3528 scriptum,
765 3446 943 3526 praeeunte
964 3436 1131 3504 Meinekio
1157 3441 1243 3507 inter

117 3537 252 3614 bucolica
281 3571 347 3614 uon
364 3546 520 3629 toleravi,
542 3547 600 3612 sed
623 3546 709 3612 idem
729 3547 764 3610 in
779 3541 931 3631 Append.
951 3559 989 3606 11.
1011 3542 1141 3632 addidi,
1164 3549 1242 3636 quia

121 3651 267 3739 contigit,
300 3664 338 3720 ut
371 3653 485 3740 optimi
507 3652 630 3718 codicis
653 3661 687 3716 et
713 3651 838 3738 ingenii
861 3671 922 3738 ope
943 3650 1147 3718 emendatius
1170 3677 1242 3742 pro-

122 3751 193 3822 lerre
214 3783 362 3849 masam.
408 3760 532 3846 Syriux
558 3756 744 3844 etreliqua
773 3758 844 3821 eius
871 3753 1002 3842 generis
1029 3757 1093 3821 iam
1123 3759 1242 3827 olimc

122 3856 336 3934 Bucolicorum
374 3864 574 3930 editionibus
607 3861 752 3948 relegata
778 3869 882 3926 erant.
932 3860 1055 3927 Contra
1084 3867 1243 3952 epigram-

123 3975 198 4032 mata
214 3971 416 4037 Theocritea
437 3991 502 4034 uno
528 3969 630 4055 (xvr.)
657 3969 734 4032 auxi
756 3989 799 4032 ex
819 3966 921 4032 Anth.
945 3966 1015 4033 Pal
1045 3980 1178 4059 propter
1198 3972 1243 4038 lo-

124 4091 200 4160 cum,
219 4101 318 4166 quem
343 4077 381 4140 in
401 4075 465 4139 hac
484 4083 585 4140 tenu.

195 4185 225 4271 3)
257 4185 455 4272 Apparatus
479 4179 595 4246 Critioi
625 4179 821 4266 gravissima
847 4197 923 4263 pars
947 4189 997 4243 est
1026 4183 1120 4242 Varia
1137 4182 1245 4244 Lecno.

125 4280 166 4348 Ea
188 4293 329 4376 primum
361 4288 496 4352 curum
523 4292 792 4366 monusmptcrum
819 4283 976 4348 lectiones
1008 4280 1245 4366 complectitur,

128 4390 173 4458 sed
197 4399 333 4468 minime
357 4395 519 4480 integrum
544 4391 705 4472 omnium,
737 4390 925 4480 quicunque
954 4387 997 4452 ad
1028 4385 1116 4450 hunc
1143 4401 1246 4474 usque
