3020 5080
512 409 774 478 scuonn.1n.1,
797 408 929 465 ιι-ισ.
1232 401 1293 462 471

148 570 299 630 scholium
318 589 359 630 ex
383 569 501 630 dnobus
521 569 683 629 conflatum
701 589 783 645 esse,
803 591 927 651 quorum
942 571 1026 651 prius
1044 571 1185 648 agnoscit
1202 572 1294 632 iuter·

147 657 356 752 pretationem
379 645 543 727 ἀσφοδέλου
565 645 692 732 καρπός,
722 655 850 715 alterum
872 656 992 733 longius
1012 657 1295 740 interpretationem

147 731 258 812 ιιοιυλός
270 740 397 820 probat,
415 741 473 800 hoc
489 759 561 799 vero
580 739 712 800 inlibris
729 739 767 799 ab
783 741 870 800 initio
886 740 1023 800 mutilum
1040 761 1124 818 esse3
1141 735 1221 822 quod
1240 741 1295 802 ali·

147 835 303 906 quatenus
325 825 477 904 supplevi.
515 824 620 884 Verba
641 805 677 900 ἧς
694 815 758 888 td.
814 816 1035 902 ,πλατύτεροι
1026 846 1058 884 ιιι
1076 828 1202 906 antiquo
1216 826 1294 886 libro

146 910 189 970 ad
206 911 378 989 marginem
394 910 536 1010 suppleta
552 909 646 970 irrisae
665 909 821 984 videntur,
838 910 920 970 uude
937 912 1052 970 factum
1073 921 1108 970 nt
1128 913 1160 970 in
1182 909 1294 971 codici·

147 995 205 1055 bus
221 997 333 1077 partim
350 995 461 1056 omissa
479 997 589 1073 partim
606 998 791 1074 transposita
807 998 877 1056 sint.
913 994 996 1056 Oonf
982 995 1031 1055 fer
1044 1005 1146 1056 autem
1162 1017 1230 1056 cum
1246 997 1293 1056 his
1356 1051 1361 1074 ,

146 1081 230 1140 Plin.
245 1082 287 1142 N.
302 1081 344 1139 Η.
360 1089 410 1152 rt,
428 1087 476 1154 17,
495 1089 529 1144 68
555 1079 696 1156 „Graeci
716 1081 833 1140 caulem
856 1081 1019 1140 cubitalem
1039 1089 1070 1140 et
1087 1101 1181 1162 saepe
1202 1081 1294 1142 duem

146 1166 336 1240 cubitorum,
353 1125 435 1226 sollis
450 1184 532 1244 pcrm
523 1166 697 1224 silvestris
707 1155 895 1242 ,ἀνθέρικον
910 1169 1097 1225 vocavere“·
1089 1167 1293 1270 ,Theophra-

145 1251 251 1311 stusl.
269 1253 290 1312 l.
308 1251 374 1310 sola
392 1251 469 1309 haec
487 1249 594 1309 habet:
617 1246 753 1327 μέγιστον
776 1246 807 1310 δὲ
823 1243 944 1308 πάντων
961 1211 1098 1322 (καυλὸν
1106 1245 1215 1328 ἔχεθ’
1197 1243 1291 1326 aaud-

145 1326 279 1406 daloc·‘
265 1357 281 1394 o
298 1325 356 1414 γὰρ
375 1323 535 1406 ἀνθέρικος
549 1332 693 1412 μέγιστος.
726 1335 910 1396 Ecodiounl
926 1345 957 1396 ct
970 1335 1138 1396 Phavoriui
1154 1337 1292 1396 lectioni·

146 1422 205 1481 bus
220 1421 360 1480 Adertus
373 1440 428 1498 pro
444 1413 515 1478 ὅσον
527 1422 670 1495 πηχυαῖος
686 1412 834 1479 elicuit“
811 1441 849 1492 οος
869 1436 941 1496 φησι
959 1422 977 1460 *
992 1422 1010 1462 *
1027 1424 1219 1498 *πηχυαῖοςς
1237 1421 1292 1481 sed

147 1527 242 1587 quum
253 1527 315 1566 non
330 1505 428 1566 solum
443 1507 606 1602 πηχυαῖος,
623 1504 705 1584 qnod
723 1505 769 1564 illi
787 1504 878 1565 foede
894 1515 1066 1585 corruptum
1081 1507 1211 1578 habent,
1229 1527 1293 1566 cer-

145 1593 297 1652 tissimum
312 1593 365 1663 sit‚
381 1589 436 1650 sed
453 1593 552 1650 etiam
560 1579 630 1648 ὅσον
645 1591 847 1669 aptissimum,
867 1587 1015 1670 Galliergi
1036 1592 1128 1652 lectio
1150 1611 1189 1650 ex
1186 1609 1292 1687 prae·

147 1677 334 1737 stantissimo
351 1635 429 1735 libro
444 1694 585 1735 manasse
596 1675 727 1735 videtur.
758 1673 889 1736 Gravior
906 1675 1054 1736 dubitatio
1071 1684 1118 1735 est
1135 1675 1174 1734 de
1186 1663 1290 1734 Ἀπολ-

148 1753 313 1839 λόδωροςὸ
339 1753 490 1838 Δωριεύς,
517 1769 552 1820 ut
571 1759 663 1838 vulgo
685 1761 812 1838 legiturJ
839 1779 940 1839 neque
965 1762 1045 1820 enim
1068 1759 1291 1838 Apollodorum

147 1849 333 1906 Doriensem
363 1847 524 1926 qnisquam
555 1846 648 1904 novit.
694 1846 804 1925 Itaque
841 1844 1065 1924 Apollodorum
1092 1847 1290 1944 notissimum,

147 1931 369 1992 Atheniensem
390 1931 619 2026 grammaticum
639 1931 815 2008 intelligens
836 1930 1029 1990 Hamakerus
1051 1932 1208 2008 proposuit
1224 1918 1290 1992 'Ara

149 2013 181 2076 di
196 2007 265 2087 τοὺς
277 2018 452 2090 Δωριεῖςφ.
464 2006 543 2074 οὕτω
556 2011 662 2092 λέγειν
667 2023 719 2074 aut
707 2010 798 2073 t'Art.
817 2013 848 2073 δέ
862 2030 954 2090 φησιν
970 2018 1031 2086 τοῖς
1045 2015 1211 2087 Δωριεῦσιν
1227 2015 1292 2093 (vel

150 2093 352 2181 Δωρικοις)
322 2121 401 2159 ονιιο
415 2096 569 2178 λέγεσθαι,
585 2099 771 2160 Fritaechius
793 2099 830 2160 de
846 2107 941 2178 pobtt.
964 2099 1032 2160 buc.
1055 2121 1084 2180 p.
1101 2091 1168 2164 346
1192 2102 1290 2176 Δωρι-
1337 2163 1346 2182 ⁸

77 2181 87 2204 '
148 2185 198 2260 εὺς
217 2186 314 2246 deleri
338 2185 431 2262 jussit
451 2195 597 2266 tanquam
617 2185 732 2244 ultimis
753 2185 882 2266 syllabis
898 2187 983 2244 vocis
999 2179 1216 2282 Ἀπολλόδωρος
1236 2185 1290 2244 du·

148 2273 271 2352 plicatis
286 2278 369 2344 orta,
386 2270 571 2330 Dusbuerus
583 2290 658 2330 vero
674 2271 819 2348 scriptum
830 2271 925 2330 fuisse
936 2271 1091 2346 J'hdioavit
1101 2257 1166 2329 ’Am
1181 2265 1213 2328 di
1224 2273 1291 2332 Δω-

149 2357 242 2434 ριεῦσι
263 2378 298 2432 φ.
320 2345 399 2414 olive
417 2350 565 2433 λέγεσθαι.
599 2355 745 2414 Attamen
761 2374 867 2433 parum
883 2355 1044 2434 probabile
1060 2363 1108 2414 est
1122 2375 1189 2414 eam
1205 2355 1290 2415 vocis

149 2450 348 2523 potestatem,
370 2461 462 2520 quam
480 2441 571 2500 etiam
587 2439 769 2500 Hellanicus
785 2449 815 2500 et
836 2439 1066 2519 Theophrastus
1086 2447 1223 2514 tuentur,
1251 2457 1290 2500 ex

149 2527 266 2587 Doride
276 2529 440 2604 repetitam
454 2544 522 2584 esse
530 2544 647 2604 ‚quare
659 2525 843 2584 Duebncrus
860 2525 938 2584 haec
954 2544 993 2584 ex
1010 2523 1193 2602 Apollodori
1210 2543 1290 2583 com·

149 2613 304 2672 mentariis
320 2613 352 2670 iu
368 2572 583 2689 Epicharmium
598 2611 696 2688 petita
708 2609 838 2681 vult,1n
855 2609 965 2691 quibus
981 2609 1061 2709 qupd
1076 2609 1129 2669 ille
1146 2610 1290 2669 universe

150 2697 280 2757 dixisset
295 2693 409 2780 layum
427 2695 478 2754 vel
495 2691 622 2774 λέγεται,
650 2693 688 2754 de
707 2695 910 2754 Doriensibus
928 2694 1051 2790 proprie
1067 2695 1187 2774 cepisse
1202 2694 1289 2754 scho-

149 2783 278 2841 liastam.
315 2770 459 2861 Denique
476 2779 623 2854 Adertus,
644 2780 708 2880 qui
712 2781 798 2839 varia
817 2780 933 2839 scholia
951 2778 989 2838 de
1009 2769 1202 2856 ἆνθερίιιεσσι
1219 2799 1289 2839 οοιι-

145 2869 275 2944 jungere
292 2873 418 2925 conatus
435 2875 495 2940 est,
523 2866 680 2943 proposuit
700 2855 765 2924 Ἀνι.
787 2861 818 2924 δὲ
841 2861 873 2923 ἐν
888 2885 928 2945 ιρι
918 2859 1012 2942 περὶ
1034 2864 1115 2924 θεῶν
1136 2862 1290 2940 amima

148 2951 268 3012 traditis
282 2951 403 3026 longius
417 2949 575 3030 recedens.
600 2950 675 3008 Mihi
688 2949 848 3027 probabile
865 2958 911 3010 est
925 2951 1027 3046 potius
1041 2950 1133 3009 alium
1146 2970 1184 3008 ex
1194 2949 1289 3050 Apol-

150 3035 263 3096 lodoris
281 3033 514 3112 intelligendum
537 3043 569 3093 et
589 3032 659 3092 olim
681 3035 823 3112 scriptum
840 3036 934 3094 faisse
951 3022 1203 3110 Amollddorpeg‘
1189 3055 1206 3092 ο
1222 3030 1289 3110 περὶ

149 3121 280 3198 θηρίων,
299 3119 337 3178 de
353 3139 412 3200 quo
428 3139 537 3196 opere,
553 3117 703 3176 Nicandri
719 3119 876 3196 potissimo
893 3120 978 3178 fonte
987 3139 1108 3198 ‚nuper
1122 3119 1212 3179 docte
1228 3117 1288 3178 dis·

149 3207 268 3286 putarit
283 3203 322 3266 O.
333 3203 503 3265 Schneider
517 3202 557 3262 ad
569 3201 701 3261 Nicand.
717 3223 747 3281 p.
765 3211 814 3265 181
829 3223 915 3283 seqq.
942 3204 1034 3262 Ex
1006 3223 1073 3278 eJus
1083 3204 1222 3281 reliquiis
1234 3223 1289 3282 ap-

148 3301 236 3370 paret
248 3290 291 3349 ibi
301 3292 416 3370 pariter
430 3301 523 3370 atque
535 3286 615 3366 apud
629 3285 818 3346 Nicandrum
830 3286 868 3346 de
882 3287 1025 3347 remediis
1045 3286 1156 3345 dictum
1175 3287 1288 3361 fuisse;

149 3374 333 3455 asphodelus
349 3383 451 3434 autem
466 3395 557 3453 quum
574 3370 740 3432 secundum
750 3371 820 3430 Nic.
832 3371 893 3433 ’.Γ1ι
908 3368 1162 3434 53lcumsoholl.
1179 3362 1290 3428 adver·

149 3483 197 3521 sus
212 3468 387 3538 serpentum
407 3479 522 3518 morsus
539 3456 624 3516 utilis
641 3456 763 3514 habitus
788 3457 840 3530 sit,
861 3457 928 3533 ejus
950 3453 1115 3530 descriptio
1137 3451 1176 3510 ab
1191 3453 1288 3532 Apol·

149 3545 244 3606 lodori
263 3564 357 3623 opere
374 3544 428 3602 illo
443 3563 504 3602 nen
521 3544 624 3602 aliena
640 3549 714 3600 erat.
746 3539 893 3598 Attamen
910 3538 1100 3596 correctione
1115 3544 1176 3594 tam
1194 3535 1289 3596 dubia

149 3632 267 3690 iuterim
283 3630 440 3707 vulgatam
453 3629 576 3688 retinui.
590 3659 634 3670 —
646 3625 815 3684 Phavcrini
831 3622 995 3682 lectionem
1014 3611 1092 3679 οὗτοι
1106 3640 1160 3701 pro
1175 3613 1211 3679 οὐ
1227 3623 1287 3700 pri·

149 3737 212 3776 urus
226 3714 401 3775 Kochlerus
417 3713 698 3787 commendaveram
712 3731 766 3770 cur
779 3708 941 3768 lectionem
953 3725 1069 3786 καρπον
1080 3706 1286 3824 praetulerim,

148 3801 237 3861 facile
251 3808 389 3880 apparet.

208 3905 295 3963 -p.
309 3893 359 3957 67,
377 3895 403 3948 3.
436 3882 620 3943 Dusbuerus
636 3881 823 3959 suspicatur,
841 3877 936 3938 verba
952 3873 1125 3954 λεπτότερον
1141 3868 1238 3935 acl'
1206 3895 1286 3936 ενιο-

149 3964 275 4048 νιότερον
290 3989 331 4030 ex
347 3968 462 4029 scholio
479 3956 552 4027 ad‘
534 3954 623 4045 ιιγρὸς
639 3986 685 4025 vs.
701 3973 735 4028 54
750 3981 922 4042 superesse
961 3963 1132 4023 Attamen⁸
1123 3981 1189 4041 rpse
1205 3952 1287 4022 erive-

149 4075 212 4126 νος,
229 4053 379 4136 quomodo
396 4053 499 4114 infra'
491 4073 523 4112 ιο
537 4039 653 4126 libris‘
637 4039 728 4146 νγρὸς
744 4048 930 4128 explicatur,
949 4056 1124 4127 suspectum
1142 4047 1243 4106 habet.

207 4173 251 4186 ·-
268 4139 333 4199 liu.
350 4151 377 4201 5.
406 4140 455 4198 De
476 4126 600 4207 odldei.
618 4157 646 4217 q
662 4127 827 4212 mqqa,J
779 4154 827 4210 qu
830 4153 865 4192 us
882 4133 951 4191 loco
965 4133 1104 4210 Toupius
1120 4120 1218 4201 θυιὰς
1232 4151 1286 4190 vo·

148 4225 245 4297 lebat,
263 4223 325 4284 vid.
341 4223 492 4283 Thesaur.
508 4223 582 4300 Vp.
598 4229 677 4284 7381)

206 4309 268 4369 V's·
290 4320 335 4372 55.
351 4317 401 4381 56,
422 4329 451 4386 p.
468 4317 502 4371 59
542 4317 573 4369 13
612 4303 772 4365 Duebneri
794 4297 999 4362 emendationi
1020 4289 1186 4373 εὕκιιμιιτος
1200 4297 1287 4356 lavet

149 4381 301 4469 ινιιομιιὴς
317 4395 347 4452 in
362 4392 612 4470 interpretatione
629 4389 767 4448 codicum
754 4407 814 4488 p.
829 4395 862 4458 3,
882 4382 989 4464 quod‘
981 4403 1079 4462 rpsum
1093 4379 1286 4441 Hamaherus

147 4478 217 4538 inde
231 4498 340 4558 repom
331 4477 452 4554 jussit.
481 4475 552 4535 Non
568 4475 658 4534 aliter
670 4490 874 4566 procurares,
890 4465 972 4549 qnod
982 4466 1205 4529 Duebncrus'
1182 4485 1284 4543 singu-

147 4563 250 4623 lariter
267 4562 381 4622 dictum
397 4582 465 4624 esse
484 4559 658 4636 adnotavit,
677 4559 786 4639 scripsi
807 4546 944 4634 νεόγονος
959 4563 1083 4634 propter
1098 4551 1248 4612 alteram
1239 4571 1284 4610 ru·
