2968 5060
587 369 794 420 PRAEFATIO.
1172 377 1262 427 xxm

116 518 202 582 P=
222 519 288 606 p),
311 517 522 584 minusculas
546 519 778 587 vaticanorum
801 523 916 588 eodcm
936 525 1047 590 ordino
1070 537 1201 594 servato
1225 531 1260 594 iu

115 648 267 690 numeros
289 624 458 690 Arabicus
482 627 534 710 (ut
555 648 575 690 a
588 659 632 686 =
646 627 720 693 Vat.
747 635 775 694 1.
783 679 792 712 ,
814 628 837 692 h
852 659 897 688 =
914 629 987 694 Vat.
1006 632 1064 718 8.).

199 731 281 796 Mihi
297 731 481 817 aliquando
497 733 532 796 in
542 743 650 799 mente
664 734 728 799 fuit
743 734 980 800 Gaisfordiana
997 737 1081 822 sigla
1094 738 1260 826 adoptare,

115 841 236 927 quippe
254 861 341 926 quae
361 837 501 924 reliquis
523 841 651 904 notiora
672 840 754 922 sint,
776 840 883 926 iisque
907 841 1037 906 codices
1060 843 1148 930 apud
1169 842 1259 910 illum

115 969 182 1012 non
206 953 484 1010 commemoratos
507 945 762 1010 accommodare.
808 946 999 1012 Revocabat
1027 949 1069 1013 ab
1091 970 1130 1014 eo
1156 951 1260 1014 consi-

116 1051 160 1116 lio
180 1053 324 1116 maxime
342 1053 470 1116 usitata
492 1051 641 1118 codicum
658 1051 693 1112 in
712 1049 914 1118 Scholiorum
936 1052 1185 1120 collectionibus
1206 1055 1259 1120 de·

114 1158 283 1242 signatio,
311 1156 371 1221 ubi
392 1179 494 1245 quum
523 1158 679 1244 pleraque
703 1178 721 1220 c
744 1155 976 1224 Sanctamandi
998 1161 1101 1247 copiis
1126 1160 1259 1226 Vatica-

115 1264 168 1327 nis
201 1273 235 1328 et
260 1261 365 1327 Guilii
393 1261 554 1328 Parisinis
581 1263 802 1345 manaverint,
831 1265 959 1330 codices
988 1265 1140 1332 Vaticani
1167 1266 1257 1333 illius

115 1368 212 1454 siglis
234 1376 389 1451 utuntur,
413 1367 557 1432 Parisini
581 1367 725 1454 (praeter
746 1355 854 1455 pauca¹
870 1370 945 1455 illa,
976 1394 1059 1459 quae
1081 1373 1146 1438 iam
1168 1372 1256 1460 apud

116 1475 348 1541 Guisl'ordium
370 1474 499 1558 extant)
523 1471 698 1538 Gailianis.

202 1581 320 1668 Itaque
344 1579 532 1646 Gallianum
561 1579 709 1644 codicum
736 1579 1001 1665 designationem,
1025 1585 1071 1649 ita
1093 1586 1186 1672 sequi
1209 1585 1256 1648 in-

117 1689 228 1768 stitui,
257 1694 296 1749 ut
323 1685 497 1750 Vaticanis
519 1707 669 1750 numeros
691 1684 1008 1754 Sanctamandianos
1030 1691 1200 1756 redderem
1224 1701 1256 1756 et

115 1813 224 1879 pauca
241 1791 309 1854 aliu
330 1799 510 1873 mutarem,
531 1811 614 1877 quae
629 1812 746 1877 parurn
761 1794 932 1858 commoda
951 1795 1150 1861 viderentur.
1186 1796 1256 1860 Pri-

116 1921 205 1962 mum
223 1899 327 1983 igitur
344 1919 420 1962 curn
433 1898 541 1966 Gailio
563 1895 712 1962 codicum
724 1896 1019 1964 Mediolanensium
1027 1950 1036 1983 ,
1052 1900 1256 1967 Florentino·

116 2025 187 2068 rum
205 2005 352 2068 etunius
367 2004 486 2070 Veneti
507 2003 617 2068 literas
633 2001 833 2068 maiusculas
851 2005 885 2068 in
899 2005 1102 2072 minusculas
1118 2011 1254 2075 mutavi.

114 2107 209 2172 Eieci
223 2116 337 2172 autem
356 2131 399 2174 ex
411 2133 452 2175 ea
477 2110 560 2174 serie
579 2108 709 2174 codices
722 2107 959 2194 Anthologicos
971 2110 999 2174 Ι.
1014 2110 1053 2175 O.
1065 2110 1117 2196 Y.‚
1136 2113 1255 2180 deinde

114 2214 263 2278 codicem
281 2213 346 2298 M„
370 2218 427 2301 qui
450 2237 492 2280 ne
509 2214 646 2279 Italicus
668 2215 801 2302 quidem
822 2223 887 2298 est,
909 2225 941 2280 et
962 2216 1175 2285 Parmensem
1196 2223 1252 2306 L.;

114 2331 230 2386 contm
242 2321 352 2386 tribus
367 2322 505 2388 Venetis
519 2321 661 2389 llorcllii
685 2322 810 2388 litteras
829 2321 850 2386 l.
866 2345 908 2386 m.
927 2347 956 2388 o.
974 2326 1092 2408 tribui,
1111 2334 1148 2390 ut
1165 2349 1251 2392 nunc

113 2428 245 2493 codices
261 2433 378 2492 u—k.
396 2428 660 2494 Mediolanenses
679 2431 755 2511 sint,
774 2435 876 2493 l-o.
896 2430 1025 2515 Veneti,
1041 2452 1155 2510 p—z.
1177 2431 1251 2499 Flo-

112 2535 247 2598 rentini.
291 2532 425 2599 Deinde
445 2544 519 2623 post
538 2535 696 2600 tredecim
714 2534 891 2602 Vaticanus
912 2537 1159 2621 Sanctamandi,
1181 2540 1251 2624 qui·

112 2640 174 2705 bus
197 2661 276 2706 suos
301 2663 456 2706 numeros
477 2640 637 2707 Arabicus
666 2640 802 2728 reliqui,
831 2643 972 2728 'primum
995 2643 1251 2708 Ottobonianum

112 2747 368 2830 Sanctumandi,
392 2745 512 2812 deiude
538 2748 667 2814 codices
688 2747 829 2836 reliquos
848 2749 1012 2816 Romanos
1036 2776 1056 2818 a
1077 2754 1251 2838 Dorvillio,

110 2855 283 2940 Zieglero,
307 2855 342 2918 in
362 2874 473 2918 meum
494 2875 590 2918 usum
603 2851 738 2920 collatos
760 2857 916 2921 continua
937 2880 1147 2924 numerorum
1167 2861 1251 2924 serio

108 2959 237 3025 addidi.
284 2956 503 3045 Neapolitano
528 2957 612 3025 libro
638 2983 739 3048 quum
762 2961 948 3029 Dorvilliua
977 2966 1097 3049 siglum
1126 2969 1164 3032 Γ.
1195 2966 1248 3030 tri·

107 3067 256 3148 buisset,
289 3088 310 3130 a
342 3061 458 3128 Gailio
490 3074 668 3149 retentum,
704 3066 841 3154 reliquis
872 3068 1000 3134 Italicis
1029 3074 1107 3137 item
1139 3071 1250 3136 literas

108 3171 258 3238 Graecas
284 3169 485 3235 maiusculas
511 3170 602 3254 dedi,
632 3171 746 3258 quales
775 3194 795 3236 a
823 3175 952 3240 Latinis
981 3177 1079 3240 facile
1107 3177 1251 3240 discerni

108 3287 267 3364 possunt,
295 3287 328 3342 et
357 3276 486 3342 duobus
514 3299 534 3340 a
554 3275 720 3342 Dorvillio
748 3279 892 3361 collatis,
923 3277 1001 3344 olim
1022 3281 1061 3342 L.
1085 3289 1118 3344 et
1141 3283 1190 3362 8.‚
1219 3291 1252 3346 et

108 3382 234 3466 tribus,
259 3405 401 3470 quorum
424 3383 516 3448 varia
533 3385 629 3449 lectio
649 3382 730 3447 mihi
751 3385 857 3469 primo
880 3384 1083 3471 suppetebat.
1128 3385 1249 3452 Parisi-

108 3489 161 3552 nis
184 3487 272 3572 sigla
294 3486 451 3554 Gailiana
471 3489 607 3577 reliqui,
630 3490 695 3555 nisi
717 3491 805 3577 quod
832 3495 864 3557 T.
894 3498 927 3556 V.
951 3497 993 3556 X.
1000 3542 1010 3575 ,
1032 3491 1150 3580 quibus
1170 3495 1248 3560 Gai-

109 3592 172 3658 lius
201 3593 375 3660 versiones
396 3594 533 3660 Latinas
556 3595 771 3680 significavit,
797 3599 897 3663 malui
926 3602 967 3664 iis
997 3599 1164 3665 codicibus
1191 3603 1247 3667 tri·

109 3699 219 3784 buero,
235 3699 296 3787 qui
313 3699 404 3787 apud
420 3698 511 3766 illurn
526 3700 621 3788 siglis
642 3725 756 3789 parum
773 3706 950 3771 commodis
967 3711 1002 3770 Α.
1021 3716 1054 3770 et
1071 3713 1107 3770 P.
1125 3707 1246 3793 (diver-

112 3807 155 3870 sis
177 3806 218 3871 ab
240 3808 284 3872 A.
309 3817 343 3872 et
364 3807 418 3891 P.)
441 3816 592 3892 utuntur,
619 3819 652 3874 et
671 3813 784 3896 tertio,
815 3835 911 3900 quem
933 3813 1063 3878 Gailius
1086 3812 1244 3898 neglexit.

112 3910 289 3978 Codicibus
317 3913 526 4010 Hispanicis,
554 3917 766 4002 Anglicanis,
795 3919 1003 3983 Germanicis
1030 3919 1149 4005 reliqui
1178 3919 1247 3984 fere

113 4019 208 4104 sigla,
228 4043 316 4108 quae
337 4021 422 4108 ipsis
445 4021 655 4089 collatoribus
675 4025 882 4111 placuerant,
906 4047 1012 4112 neque
1034 4023 1142 4106 leves,
1165 4047 1246 4111 quas

113 4124 244 4209 admisi,
270 4129 471 4192 mutationes
495 4151 679 4217 quenquam
701 4128 924 4195 morabuntur.

193 4233 336 4298 (lodices
358 4231 611 4318 Anthologicos,
640 4237 696 4323 qui
722 4236 766 4300 ad
791 4235 1038 4324 Epigrammata
1066 4245 1098 4300 et
1120 4235 1247 4300 Moschi

112 4355 145 4404 11.
162 4341 348 4428 pertinent,
365 4323 443 4404 ita'a
459 4339 595 4426 reliquis
611 4341 859 4428 distinguendos
875 4344 1077 4422 consuimus,
1092 4350 1128 4404 ut
1140 4341 1246 4404 curius·

112 4467 172 4532 quc
200 4446 286 4534 siglo
316 4445 446 4512 literam
471 4453 507 4512 A.
536 4447 798 4535 praefigeremus.
843 4449 967 4514 Eodem
997 4445 1093 4509 modo
1118 4443 1246 4514 codices
