2968 5060
193 361 278 408 XXVI
652 356 861 406 consumo.

193 511 357 577 Theocriti
370 509 468 584 ,locos
493 519 526 575 ct
547 510 690 597 quinque
711 531 826 575 versus
849 532 867 574 e
890 508 1013 574 Mosch.
1036 527 1074 572 11.
1099 531 1174 573 cum
1196 510 1353 574 utilissi-

191 620 254 683 mis
281 614 494 696 lectionibus,
523 614 583 678 sed
609 616 708 678 etiam
738 613 826 679 solus
852 614 1025 703 plerasque
1047 617 1194 681 minores
1218 615 1352 680 Bionis

193 734 226 790 et
245 723 372 788 Moschi
395 719 552 807 reliquias
575 721 730 785 servavit.

278 826 551 893 Enumeravimus
584 835 692 890 autem
720 848 834 891 omnes
861 847 972 892 eorum
1001 851 1159 914 generum
1189 828 1348 910 codices,

192 939 377 1026 quicunque
398 943 455 998 aut
477 933 537 998 toti
554 941 612 996 aut
630 933 749 1018 partim
767 931 877 998 collati
892 942 977 998 sunt.
1015 934 1216 999 Addidimus
1235 957 1347 1021 quos-

193 1044 267 1108 dam
289 1039 433 1106 nondum
456 1039 606 1121 collatos,
629 1038 669 1102 de
695 1037 813 1127 quibus
837 1038 994 1106 traditum
1016 1050 1082 1124 est,
1106 1061 1191 1126 quae
1216 1039 1347 1125 idyllia

195 1168 324 1237 quoque
354 1144 467 1209 ordine
497 1155 640 1210 teneant.
685 1144 812 1210 Horum
834 1166 1004 1208 numerum
1036 1167 1055 1209 e
1085 1146 1186 1210 variis
1214 1145 1343 1211 biblis

192 1257 361 1320 thecarum
387 1252 561 1337 catalogis,
590 1255 647 1339 qui
674 1251 756 1314 mihi
783 1271 848 1314 non
876 1259 1009 1336 praesto
1037 1251 1188 1334 fuerunt,
1217 1254 1339 1338 augeri

192 1383 289 1451 posse
314 1359 422 1427 credo.
466 1356 507 1421 In
536 1355 761 1422 describendis
788 1354 973 1438 codicibus,
1003 1366 1159 1442 quantum
1182 1357 1253 1423 fieri
1277 1383 1338 1446 po-

193 1478 291 1550 terat,
314 1466 395 1531 haec
410 1465 569 1530 indicavi:
592 1463 626 1544 a)
650 1463 744 1526 varia
761 1461 862 1548 sigla,
885 1462 1004 1547 quibus
1023 1463 1111 1549 apud
1132 1465 1257 1550 priores
1276 1465 1336 1530 de

192 1576 382 1659 signantur,
405 1571 442 1656 b)
460 1569 704 1651 bibliothecam,
723 1569 757 1632 in
776 1589 841 1654 qua
855 1579 1078 1652 asservantur,
1095 1577 1128 1634 et
1145 1593 1334 1654 numerum,

193 1700 256 1766 quo
276 1676 426 1764 inscripti
446 1685 537 1766 sunt3
561 1675 594 1758 c)
617 1675 805 1754 materiam,
829 1673 865 1736 in
886 1695 952 1759 qua
967 1676 1094 1738 exarati
1119 1676 1210 1763 (nam
1231 1679 1335 1742 etiam

192 1786 274 1851 haec
289 1783 370 1849 facit
392 1783 435 1848 ad
453 1782 611 1848 iudicium
632 1779 672 1844 de
692 1779 884 1844 auctoritato
905 1779 997 1862 libri,
1020 1802 1119 1867 quum
1139 1780 1336 1869 bombycini

191 1913 271 1982 prae
290 1892 408 1955 ceteris
435 1887 512 1954 boni
541 1909 613 1952 esse
636 1885 777 1969 soleant,
798 1883 1040 1950 membranacei
1060 1907 1136 1952 vcro
1159 1890 1333 1975 pessimi);

193 1999 229 2084 d)
251 2004 408 2077 aetatem3
431 1998 463 2082 e)
484 2016 568 2081 quae
591 1994 736 2058 carmina
752 1994 941 2058 contineant
962 2013 1091 2078 quoque
1109 1994 1242 2078 ordine,
1264 2019 1333 2083 quo

193 2105 228 2168 in
248 2102 319 2167 loco
340 2099 454 2164 addita
473 2098 574 2164 verba
593 2121 650 2166 sec.
673 2106 739 2166 coll.
763 2099 924 2180 indicant,
948 2119 965 2160 e
985 2096 1055 2161 sole
1077 2101 1170 2163 varia
1190 2098 1332 2166 lectione

193 2207 321 2294 prolata
343 2202 469 2288 colligi,
494 2225 577 2291 quse
596 2204 713 2292 idyllia
733 2205 767 2268 in
790 2203 902 2269 codice
922 2204 1003 2286 sint,
1024 2203 1068 2274 ,de
1085 2205 1200 2270 ordine
1220 2215 1331 2270 autem

192 2334 258 2378 non
279 2318 446 2391 constare;
471 2309 500 2392 f)
520 2311 576 2395 qui
595 2310 791 2376 contulerint
809 2319 841 2374 et
861 2331 942 2398 quas
961 2319 1086 2396 partes,
1109 2320 1272 2399 quatenus
1294 2314 1332 2378 id

192 2438 258 2482 non
280 2435 323 2478 ex
345 2414 426 2500 ipsis
449 2413 542 2499 siglis
565 2415 669 2501 primo
691 2414 762 2481 loco
784 2416 900 2503 positis
921 2417 1002 2482 satis
1026 2427 1175 2505 apparet,
1206 2441 1274 2506 qua
1294 2420 1331 2484 in

193 2545 229 2588 re
251 2521 312 2586 hoo
327 2517 503 2585 tenendum
518 2528 584 2603 est,
609 2522 797 2586 collationes
815 2521 1129 2588 Sanctamandianas
1154 2524 1330 2612 (quantum

192 2626 324 2717 quidem
339 2623 481 2708 constat)
496 2628 611 2710 paucis
628 2630 785 2715 exceptis,
800 2650 885 2715 ques
903 2641 1056 2696 accurate
1073 2630 1222 2696 indicata
1241 2639 1328 2714 sunt,

193 2732 311 2797 deinde
333 2727 504 2795 Gailianas
526 2740 559 2795 et
572 2732 797 2819 Zieglerianas
815 2733 858 2798 ad
878 2736 948 2802 sola
965 2737 1081 2825 idyllia
1100 2736 1200 2822 vulgo
1224 2737 1329 2803 Theo-

192 2840 274 2904 crito
295 2836 460 2922 adscripta
480 2841 655 2924 pertinere,
678 2841 700 2903 i.
717 2861 744 2904 e.
768 2851 899 2927 praeter
920 2853 1031 2909 nostra
1044 2844 1239 2908 Theocritea
1257 2844 1327 2909 Ine.

192 2961 308 3008 11—v.
330 2959 389 3004 vll.
412 2960 460 3007 Ix.
499 2944 689 3028 Praeterea,
710 2969 809 3032 quum
827 2946 974 3034 plerique
993 2948 1070 3014 libri
1093 2949 1236 3016 bucolici
1253 2973 1328 3015 cum

191 3048 266 3112 aliis
285 3049 497 3135 scriptoribus
518 3074 583 3118 uno
602 3051 768 3116 volumine
787 3053 1118 3139 comprehendantur,
1138 3056 1173 3118 in
1193 3058 1326 3142 optimis

191 3153 359 3221 codicibus
391 3155 640 3240 adnotavimus,
678 3159 838 3245 siquidem
873 3159 907 3224 id
943 3161 1099 3226 traditum
1132 3163 1324 3248 reperimus,

190 3262 385 3352 quibuscum
406 3264 572 3328 coniuncti
599 3275 709 3330 essent
716 3316 725 3347 ,
757 3267 835 3330 item
861 3267 897 3330 in
924 3267 998 3332 aliis
1026 3268 1238 3356 quibusdam,
1268 3270 1325 3335 ubi

191 3393 233 3436 ex
255 3391 294 3434 ea
313 3393 348 3435 re
372 3369 412 3434 de
435 3373 630 3456 cognatione
659 3373 807 3438 codicum
831 3371 956 3458 aliquid
981 3371 1091 3458 colligi
1115 3399 1211 3464 posse
1232 3377 1324 3442 vide·

191 3483 290 3540 retur.
334 3474 412 3540 Alia
433 3499 491 3540 cur
514 3479 547 3540 in
566 3479 770 3565 quorundam
793 3477 948 3542 librorum
971 3477 1246 3570 descriptionibus
1269 3483 1324 3548 ad-

172 3577 380 3661 diderimus,
403 3579 502 3646 facile
524 3584 706 3668 apparebit.
751 3581 929 3647 Omisimus
952 3593 1076 3670 autem,
1102 3610 1184 3674 quae
1207 3589 1249 3653 de
1269 3613 1323 3654 co-

191 3687 300 3750 dicum
320 3684 452 3750 scholiis
474 3696 507 3752 et
523 3687 642 3774 glossis
661 3689 783 3754 tradita
801 3697 891 3770 sunt,
914 3711 1014 3774 quum
1031 3691 1071 3756 de
1093 3694 1145 3758 his
1167 3694 1231 3760 alio
1253 3694 1324 3762 loco

190 3791 354 3877 agendum
375 3792 427 3856 sit.

274 3896 520 3985 Descriptiones
546 3901 694 3966 codicum
725 3921 746 3962 a
767 3898 940 3984 Wartono,
969 3902 1179 3990 Gaisfordm,
1203 3906 1324 3991 Gallio,

190 4003 464 4085 Wordsworthio,
497 4003 662 4090 plerisque
691 4006 766 4070 aliis
799 4006 967 4073 exhibitae
999 4010 1102 4075 multa
1133 4010 1324 4099 relinquunt

189 4129 272 4197 quae
291 4107 467 4172 desideres.
511 4108 682 4194 Zieglerus
703 4111 765 4176 hoc
785 4111 893 4178 officio
916 4115 950 4178 in
972 4116 1140 4182 codicibus
1160 4139 1179 4180 a
1202 4141 1238 4182 se
1258 4121 1323 4185 col·

188 4216 263 4281 latis
286 4213 476 4300 diligentius
504 4215 634 4281 functus
656 4227 721 4301 est3
749 4227 920 4304 praeterea
941 4221 1054 4286 utilem
1076 4244 1208 4308 operam
1230 4247 1323 4310 prae·

189 4324 273 4387 stitit
297 4320 489 4404 indicando,
515 4341 599 4409 quae
627 4325 772 4388 carmina
799 4333 832 4389 et
859 4347 923 4412 quo
952 4327 1064 4392 ordine
1093 4328 1128 4391 in
1156 4327 1322 4417 plerisque

188 4426 261 4493 aliis
293 4426 463 4495 codicibus
484 4427 806 4514 Mediolanensibus,
840 4428 1057 4515 Florentinis,
1090 4433 1254 4530 Romanis¹
1276 4433 1321 4500 le
