2968 5060
233 389 317 436 xuvl
699 385 906 435 PRAEFATIO.

233 561 324 622 nem,
356 539 410 603 cui
437 537 650 604 Paulssenius
677 540 749 626 ipso
775 537 859 602 libro
893 539 1040 624 inspecto
1069 559 1135 602 non
1166 536 1376 602 adversatur.

234 645 352 710 Insunt
367 667 384 710 e
400 645 566 710 Bucolicis
582 643 739 731 dispersis
756 643 889 707 sedibus
912 647 1036 708 Theocr.
1055 634 1374 726 Ἐπιγράμματα.

233 756 347 816 616666.
376 757 419 815 11.
456 759 505 815 vl.
537 755 602 815 Ino.
632 756 670 813 11
674 799 681 828 ,
707 761 808 812 1-4,
852 747 1009 815 Codioem
1036 749 1221 814 Dorvillius
1249 747 1377 812 Romae

232 859 416 922 contulerat
433 877 463 920 a.
487 856 585 939 1728,
607 855 675 921 vid.
699 853 804 920 Oodd.
826 855 929 922 Dorv.
951 845 982 944 p.
1006 859 1057 921 61.
1081 858 1132 920 63.
1177 853 1297 918 Edidit
1318 852 1376 915 Fr.

231 963 401 1029 Iacobsius
430 963 608 1027 secundum
635 961 860 1049 apographum
882 962 1036 1049 Spaletti,
1064 983 1162 1049 quam
1186 959 1230 1023 66
1258 959 1376 1024 editio·

231 1092 306 1133 nem
318 1067 529 1134 Paulssenius
547 1069 770 1134 membranam
783 1068 1028 1154 Heidelbergae
1038 1070 1223 1134 restitutam
1242 1086 1374 1130 summa

231 1175 390 1260 religione
417 1178 574 1240 excussit.
619 1176 744 1240 Locum
766 1175 903 1257 Inc.11‚
929 1178 1033 1238 1-4.
1053 1177 1096 1239 ’.16
1116 1175 1241 1261 Apogr.
1270 1170 1372 1236 Goth.

230 1283 311 1348 mihi
332 1281 469 1347 contulit
490 1282 779 1348 Wuestemannus.
837 1287 838 1290 ’

317 1387 439 1476 Mea]
457 1394 541 1454 =1.
561 1389 665 1456 Dorv.
687 1427 731 1440 -
749 1389 883 1454 Mediol.
909 1388 1064 1454 Ambros.
1081 1411 1131 1453 nr.
1150 1389 1223 1452 831.
1241 1383 1372 1450 miseel-

231 1494 360 1577 laneus,
383 1518 447 1582 quo
468 1495 652 1563 Dorvillius
674 1495 715 1561 ad
740 1500 854 1560 Mosoh.
877 1501 921 1559 11.
943 1517 1023 1560 usus
1043 1504 1103 1560 eat.

315 1601 469 1690 AF1.]=
494 1609 531 1667 l'.
563 1603 667 1668 Dorv.
689 1641 733 1652 -—
753 1602 909 1667 Laurent.
930 1624 995 1667 sec.
1015 1619 1072 1666 xv.
1093 1603 1186 1667 varia
1208 1601 1370 1687 epigram·

230 1719 321 1774 mata
341 1709 527 1792 continens,
550 1731 648 1797 quem
661 1707 844 1775 Dorvillius
860 1707 903 1772 ad
917 1713 1032 1774 Mosob.
1054 1716 1098 1773 11.
1115 1708 1276 1774 adhibuit.
1310 1706 1369 1771 vi-

231 1817 327 1882 detur
356 1818 385 1880 is
409 1814 459 1879 Pl.
489 1832 573 1880 uvn.
603 1840 653 1882 nr.
681 1819 734 1882 29.
765 1825 852 1897 esse,
881 1816 985 1880 chart.
1019 1837 1084 1881 sec.
1115 1833 1172 1880 xv
1201 1815 1255 1880 vel
1284 1831 1368 1896 xva,

231 1926 286 2010 qui
309 1932 435 2012 partem
457 1921 696 2008 anthologicam
718 1921 857 1987 similem
879 1931 975 2008 atque
999 1920 1109 1987 AParl·
1135 1923 1297 2005 continet,
1323 1921 1367 1986 ci.

231 2030 433 2095 Schneidew.
455 2029 633 2115 Progymn.
657 2030 699 2094 ad
721 2027 822 2093 Anth.
845 2027 903 2093 (ir.
928 2052 959 2116 p.
981 2031 1010 2092 9.

316 2134 424 2224 APer.]
448 2134 604 2199 Perusiae
626 2133 1056 2222 inbibl.,publ.m·.15560.
1078 2134 1188 2200 bomb.
1211 2155 1276 2199 sec.
1296 2149 1366 2216 xv„

229 2241 287 2306 ubi
320 2243 404 2305 inter
438 2239 632 2327 Euripidem
666 2248 699 2304 et
732 2240 944 2326 Phocylidem
978 2245 1091 2306 Moscb.
1126 2249 1169 2308 11.
1206 2263 1280 2304 cum
1316 2241 1366 2304 in-

230 2349 406 2433 scriptione
439 2348 544 2428 στίχοι
576 2333 715 2428 ἦρωικοὶ
748 2349 794 2423 εἰς
826 2337 885 2412 τὸν
903 2339 1043 2431 Ἔρωτα.
1090 2345 1236 2413 Contulit
1267 2345 1367 2411 Beth·

229 2475 379 2518 mannus.

314 2557 375 2646 Fl]
399 2557 568 2624 Parisinus
591 2581 640 2624 nr.
661 2561 754 2625 2763.
778 2577 943 2645 seo.xv1.,
965 2560 1023 2624 ubi
1044 2568 1118 2648 post
1135 2561 1274 2648 hymnos
1298 2561 1366 2626 Ho-

227 2665 365 2730 mericos
388 2669 503 2730 Mosch.
524 2671 578 2746 IL,
601 2665 668 2730 vid.
692 2666 778 2730 inter
800 2663 904 2730 Oodd.
928 2663 1066 2731 Theocr.
1111 2665 1209 2732 Hunc
1230 2675 1263 2731 61
1286 2689 1365 2755 qua·

227 2781 302 2836 tuor
332 2779 505 2858 sequentes
536 2769 638 2836 libros
668 2771 712 2836 66
741 2771 865 2835 Mosob.
892 2789 929 2836 11.
964 2775 998 2852 in
1023 2772 1235 2838 Valckenarii
1267 2794 1364 2838 usum

227 2876 365 2942 contulit
392 2875 609 2960 Villoisonus,
638 2879 674 2942 in
699 2877 838 2942 Ameisii
867 2877 1081 2962 Duebnerus,
1111 2880 1203 2943 cuius
1230 2877 1364 2944 schedis

227 3005 305 3048 usus
329 3005 411 3046 sum.

312 3089 375 3179 Nl]
399 3089 568 3154 Parisinus
591 3113 639 3155 nr.
658 3091 749 3155 2833.
775 3113 839 3156 sec.
857 3107 939 3173 xv1.,
959 3092 1018 3157 ubi
1039 3099 1113 3177 post
1134 3089 1274 3177 hymnos
1296 3091 1364 3157 Ho-

226 3198 364 3264 mericos
383 3201 497 3262 Mosch.
519 3204 581 3280 11,
604 3196 672 3264 vid.
691 3200 777 3263 inter
800 3197 903 3263 codd.
923 3197 1060 3263 Theoor.

311 3301 434 3390 arara]
456 3302 561 3368 Paris.
578 3303 660 3390 Reg.
678 3327 727 3369 nr.
745 3305 839 3369 2511.
855 3305 956 3371 chart.
979 3327 1043 3370 sec.
1057 3321 1128 3368 x1v.
1148 3312 1231 3369 teste
1248 3305 1363 3371 Dueb-

225 3429 304 3472 nero
333 3413 414 3495 (sec.
448 3426 506 3474 xv.
537 3409 676 3494 Catel.),
699 3410 761 3475 ubi
794 3433 867 3476 oum
892 3413 1136 3500 epigrammatis
1162 3410 1364 3498 quibusdam

225 3517 339 3578 Mosch.
361 3520 406 3577 11.

310 3619 432 3708 ΛΡΜ]
461 3620 566 3686 Paris.
588 3622 670 3708 Reg.
701 3646 749 3687 nr.
778 3625 871 3687 2562.
894 3621 1046 3710 bombyc.
1077 3647 1140 3689 seo.
1169 3641 1240 3688 x1v.
1274 3628 1363 3691 inter

224 3722 290 3788 alia
311 3729 424 3790 Mosch.
448 3733 491 3790 ΙΙ.
513 3749 587 3792 oum
606 3731 850 3818 epigrammatis
873 3728 1069 3816 quibusdam
1090 3732 1272 3795 continens.

308 3831 430 3919 murt]
464 3832 569 3898 Paris.
598 3835 680 3921 Reg.
716 3857 766 3899 nr.
797 3836 890 3898 2765.
921 3837 1041 3922 partim
1071 3834 1205 3900 membr.
1238 3837 1361 3921 partim

223 3934 325 3999 chart.
355 3957 418 4000 see.
443 3955 501 4002 xv.
533 3939 609 4025 (sub
634 3939 732 4004 finem
760 3963 825 4007 sec.
847 3958 904 4004 xv.
928 3942 1066 4030 06161),
1093 3941 1150 4007 ubi
1178 3943 1292 4005 Mosch.
1318 3947 1361 4010 ΙΙ.

222 4051 296 4128 post
315 4040 452 4127 hymnos
473 4043 675 4112 Homericos.

306 4146 428 4237 Aram]
451 4149 556 4216 Paris.
577 4151 663 4237 Reg.
688 4175 737 4218 nr.
761 4155 854 4218 2726.
880 4156 966 4218 inter
987 4157 1223 4241 epigrammata
1243 4157 1358 4217 Mosch.

221 4260 265 4317 ΙΙ.
280 4262 411 4337 tenens,
427 4255 520 4320 cuius
537 4259 691 4324 carminis
713 4268 902 4324 accuratum
922 4260 1149 4346 apographum
1166 4256 1358 4322 Woelfflino

220 4357 366 4423 debitum
387 4359 653 4427 Schneidewinus
671 4363 751 4428 mihi
771 4365 940 4428 concessit.
987 4363 1165 4450 Catalogus
1186 4365 1222 4430 in
1242 4363 1357 4428 codice

220 4464 427 4531 miscellaneo
450 4489 498 4531 nr.
523 4469 616 4532 2720.
641 4468 743 4532 chart.
773 4489 837 4533 soc.
862 4487 919 4533 XV.
949 4489 1022 4532 cum
1048 4469 1161 4533 multis
1189 4467 1356 4532 61116166-
