2968 5060
239 409 263 456 X
704 409 914 460 PRAEFATIO.

158 645 162 654 ¹
239 580 293 644 lx,
334 563 405 625 213.
439 563 530 644 25tl.‚
570 571 606 626 ut
638 563 728 628 nulla
761 564 923 631 dubitatio
965 565 1098 630 haerere
1136 569 1256 654 possit,
1297 572 1383 655 quin

247 675 311 734 Vut.
330 667 372 733 ad
392 667 670 734 Sanctamandum
692 674 864 758 pertineat.
910 672 995 736 Nam
1023 674 1121 736 tertia
1145 672 1258 760 aliqua
1282 673 1383 738 Vati-

238 798 392 841 eanorum
426 773 598 840 collatione
632 773 843 843 Gaislordius
879 799 945 842 non
982 799 1062 842 usus
1100 787 1160 844 est.
1222 780 1383 845 Ceterum

237 882 490 950 Gaisfordianae
503 879 712 946 collationum
725 883 958 948 Sanctamandi
974 884 1185 969 repetitiones
1205 885 1381 972 aliquanto

131 1031 135 1038 -
237 992 359 1055 maiore
378 989 443 1053 lide
462 987 582 1073 dignae
601 987 844 1072 Wartonianis,
868 1009 1056 1076 quanquam
1077 1000 1110 1055 ct
1132 994 1224 1078 ipsae
1241 1013 1308 1056 non
1327 993 1384 1056 in·

236 1105 364 1181 tegrae‚
384 1094 420 1159 id
438 1094 524 1180 quod
543 1103 672 1182 praeter
690 1095 757 1158 alia
770 1103 908 1182 apparet
929 1098 964 1160 in
978 1097 1101 1162 codicis
1122 1110 1170 1161 14.
1188 1095 1381 1179 collatione,

237 1225 320 1290 quac
344 1202 432 1289 apud
450 1211 624 1288 utrumque
647 1224 690 1266 ex
710 1200 812 1267 altero
834 1201 980 1288 suppleri
1001 1211 1118 1290 potest.
1152 1203 1234 1268 Inde
1255 1227 1275 1267 a
1289 1203 1381 1268 The-

193 1325 198 1334 ·
236 1331 301 1374 ocr.
332 1323 431 1372 xvm.
466 1307 676 1373 Gaisfordius
708 1307 1007 1373 Sanctamandiana
1040 1307 1188 1397 pleniora
1216 1309 1378 1392 reddidit,

235 1417 301 1480 nisi
331 1413 418 1499 quod
445 1411 679 1478 vaticanorum
707 1415 864 1482 lectiones
896 1437 917 1478 a
942 1413 1163 1480 Valckenario
1193 1415 1380 1481 seeundum

237 1521 430 1585 Wartonum
452 1511 720 1586 commemoratas
741 1523 890 1586 omittere
911 1520 1004 1586 solet.

321 1624 599 1692 Wordsworthius
621 1629 724 1714 copiis
752 1627 986 1692 Sanctamandi
1015 1629 1060 1692 ita
1088 1651 1167 1693 usus
1196 1637 1263 1710 est,
1290 1637 1328 1692 ul
1355 1652 1377 1692 e

235 1735 406 1800 Vaticanis
430 1742 462 1798 et
486 1733 636 1797 Parisino
659 1739 693 1796 P.
717 1735 932 1820 paucissimas
953 1733 1111 1800 lectiones
1131 1733 1314 1822 protulerit.

321 1841 434 1928 Ipsum
458 1839 734 1906 Sanctamandum
757 1847 894 1925 apparet
920 1841 955 1905 in
982 1840 1174 1906 conferendi
1200 1861 1298 1926 opere
1323 1862 1377 1904 re-

235 1948 482 2034 ligiusissimum
506 1946 625 2030 luisse,
647 1969 743 2032 quem
768 1969 832 2010 non
850 1943 947 2009 modo
968 1941 1152 2008 Dorvillius
1171 1953 1204 2008 et
1228 1943 1375 2028 Gailius,

235 2053 294 2118 sed
323 2073 364 2116 ne
390 2050 563 2136 Zieglerus
593 2052 725 2138 quidem
753 2059 908 2117 accurata
937 2049 1110 2134 diligentia
1141 2051 1375 2136 aequaverint.

234 2156 309 2238 Quo
332 2157 455 2220 factum
478 2165 529 2220 est
549 2159 634 2221 inter
657 2157 737 2238 alia,
763 2165 800 2220 ut
822 2156 946 2221 codicis
966 2178 1015 2238 pa,
1045 2177 1233 2243 quanquam
1253 2165 1376 2242 postea

233 2285 254 2326 a
272 2261 437 2327 Dorvillio
456 2270 489 2326 et
506 2261 658 2348 Zieglero
681 2261 806 2345 collati,
828 2261 919 2325 haud
933 2283 1057 2348 paucae
1078 2263 1234 2328 lectiones
1253 2272 1376 2328 notatu

233 2369 354 2453 dignae
380 2367 470 2431 illius
500 2367 601 2433 solius
629 2391 728 2456 opera
746 2370 898 2453 cognitae
920 2369 995 2432 sint.
1042 2368 1195 2433 Ceterum
1215 2369 1249 2432 in
1270 2369 1374 2434 huius

232 2474 308 2540 libri
331 2463 504 2537 collatione
525 2475 727 2560 conspicitur
758 2475 889 2538 iuvenis
920 2471 1087 2537 codicibus
1116 2473 1265 2560 legendis
1288 2501 1373 2542 non-

232 2581 309 2645 dum
333 2579 413 2644 satis
436 2578 600 2642 exercitus
620 2578 836 2664 (Florentiam
858 2580 944 2643 enim
962 2579 1101 2664 primum
1117 2581 1260 2664 adierat)
1277 2583 1373 2646 ideo-

232 2709 294 2775 que
315 2688 349 2750 in
371 2683 673 2750 abbreviationibus
696 2693 729 2750 et
751 2685 825 2748 aliis
847 2683 970 2767 legenti
992 2684 1233 2752 difficilioribus
1256 2689 1309 2754 vel
1332 2693 1373 2756 in

230 2793 329 2858 rebus
349 2800 464 2856 notatu
483 2813 597 2878 parum
620 2791 730 2878 dignis
752 2811 851 2877 saepe
873 2788 1021 2855 haerens.
1067 2793 1233 2859 Romanae
1256 2806 1289 2860 et
1304 2797 1372 2861 Pa-

229 2901 351 2964 risinae
379 2897 570 2963 collationes
604 2921 670 2963 non
694 2894 807 2960 dubito
841 2897 921 2982 quin
953 2917 1025 2960 curn
1055 2899 1169 2964 eadem
1193 2903 1371 2989 diligentia

229 3005 385 3069 maiorem
406 3003 558 3090 peritiam
580 3002 820 3070 coniunxerint.
866 3001 969 3067 Multo
989 3005 1096 3070 minus
1119 3003 1197 3069 fidei
1214 3005 1369 3071 Salvinio

228 3109 355 3193 tribuo,
380 3131 565 3196 quanquam
589 3132 607 3174 e
628 3131 747 3196 magno
771 3109 926 3173 vitiorum
949 3131 1100 3193 numero,
1134 3109 1253 3196 quibus
1276 3134 1370 3178 nunc

229 3219 300 3282 eius
320 3216 511 3282 collationes
531 3216 699 3301 laborant,
725 3238 810 3304 quae
831 3216 873 3280 ad
899 3217 1005 3301 ipsum
1028 3218 1214 3303 pertineant
1236 3240 1367 3305 quaeve

228 3322 272 3387 ad
294 3323 505 3406 wentenum,
530 3322 665 3388 difficile
688 3332 739 3388 est
756 3323 798 3388 ad
820 3323 1118 3388 demonstrandum.

481 3581 516 3676 ς.
547 3578 581 3648 2.
632 3579 687 3650 Ile
714 3578 829 3670 copiis
854 3579 1107 3654 Dorvilliania.

310 3739 449 3807 Duobus
469 3745 637 3810 decenniis
662 3751 738 3830 post
759 3742 1037 3810 Sanctamandum
1057 3751 1183 3812 Iacobus
1204 3753 1363 3827 Philippus

224 3853 386 3913 Doruillius
423 3848 629 3935 (d'Orville)‚
664 3857 697 3914 et
721 3851 792 3937 ipse
826 3850 958 3915 natione
987 3852 1185 3937 Britannus,
1228 3857 1361 3920 nornine

224 3955 477 4040 Franeogallus,
497 3953 555 4020 sed
577 3956 665 4020 vitae
688 3965 720 4021 et
742 3957 923 4021 studiorum
947 3959 1182 4027 consuetudine
1201 3963 1358 4044 Batavus,

224 4061 311 4126 idem
334 4061 421 4147 quod
443 4060 499 4124 ille
521 4060 692 4126 consilium
714 4063 801 4148 cepit
823 4061 921 4148 idque
940 4085 999 4148 per
1018 4065 1092 4151 plus
1113 4069 1231 4151 viginti
1253 4089 1358 4132 annos

222 4177 412 4256 persecutus
441 4175 505 4248 est,
531 4167 584 4231 vir
610 4176 643 4231 et
671 4168 819 4232 doctrina
848 4179 881 4232 et
905 4171 1022 4256 opibus
1053 4171 1095 4236 ad
1120 4195 1192 4237 eam
1216 4197 1283 4238 rem
1310 4175 1358 4238 in-

223 4274 472 4339 structissimus.
518 4272 694 4358 Congessit
719 4281 827 4337 autem
857 4297 900 4338 cx
929 4276 1040 4360 Italia,
1070 4277 1196 4364 Gallia,
1224 4280 1357 4347 aliunde

222 4378 412 4444 collationes
434 4376 582 4442 codicum
605 4379 704 4442 etiam
724 4378 834 4464 plures
858 4403 956 4465 quam
979 4382 1256 4468 Sanctamandus,
1281 4409 1357 4473 par-

221 4486 278 4548 tim
299 4483 341 4547 ab
360 4485 432 4572 ipso
447 4485 566 4571 partim
589 4483 632 4548 ab
653 4483 728 4548 aliis
747 4486 924 4551 confectas.
969 4487 1019 4558 ute
1035 4488 1112 4554 huie
1126 4491 1258 4578 quidem
1279 4516 1355 4560 con-
