<?xml version="1.0" encoding="UTF-8"?>
<!DOCTYPE html PUBLIC "-//W3C//DTD XHTML 1.0 Transitional//EN"
    "http://www.w3.org/TR/xhtml1/DTD/xhtml1-transitional.dtd">
<html xmlns="http://www.w3.org/1999/xhtml" xml:lang="en" lang="en">
 <head>
  <title>
</title>
<meta http-equiv="Content-Type" content="text/html;charset=utf-8" />
  <meta name='ocr-system' content='tesseract 3.04.00' />
  <meta name='ocr-capabilities' content='ocr_page ocr_carea ocr_par ocr_line ocrx_word'/>
</head>
<body>
  <div class='ocr_page' id='page_1' title='image "./bucolicorumgrae00theogoog_0058.png"; bbox 0 0 2968 5060; ppageno 0'>
   <div class='ocr_carea' id='block_1_1' title="bbox 622 382 1295 439">
    <p class='ocr_par' dir='ltr' id='par_1_1' title="bbox 622 382 1295 439">
     <span class='ocr_line' id='line_1_1' title="bbox 622 382 1295 439; baseline -0.003 -10"><span class='ocrx_word' id='word_1_1' title='bbox 622 382 829 433; x_wconf 74' lang='lat' dir='ltr'><strong>PRAEFATIO.</strong></span> <span class='ocrx_word' id='word_1_2' title='bbox 1232 391 1295 439; x_wconf 56' lang='lat'>1¹111</span> 
     </span>
    </p>
   </div>
   <div class='ocr_carea' id='block_1_2' title="bbox 143 532 1290 1370">
    <p class='ocr_par' dir='ltr' id='par_1_2' title="bbox 143 532 1290 1370">
     <span class='ocr_line' id='line_1_2' title="bbox 143 532 1290 629; baseline 0.01 -31"><span class='ocrx_word' id='word_1_3' title='bbox 143 532 269 612; x_wconf 80' lang='grc' dir='ltr'><strong><em>μέοεως</em></strong></span> <span class='ocrx_word' id='word_1_4' title='bbox 286 533 355 599; x_wconf 75' lang='grc' dir='ltr'><strong>τάν</strong></span> <span class='ocrx_word' id='word_1_5' title='bbox 375 533 616 617; x_wconf 78' lang='grc' dir='ltr'><strong><em>βουκολικῶν,</em></strong></span> <span class='ocrx_word' id='word_1_6' title='bbox 638 535 692 601; x_wconf 87' lang='lat' dir='ltr'><strong>fol.</strong></span> <span class='ocrx_word' id='word_1_7' title='bbox 717 539 862 600; x_wconf 78' lang='lat'><strong>4¹·-73··</strong></span> <span class='ocrx_word' id='word_1_8' title='bbox 884 539 1030 603; x_wconf 82' lang='lat' dir='ltr'><strong>earmina</strong></span> <span class='ocrx_word' id='word_1_9' title='bbox 1044 539 1195 608; x_wconf 85' lang='lat' dir='ltr'><strong>bucolica</strong></span> <span class='ocrx_word' id='word_1_10' title='bbox 1212 545 1290 629; x_wconf 91' lang='lat' dir='ltr'><strong>(inc.</strong></span> 
     </span>
     <span class='ocr_line' id='line_1_3' title="bbox 143 643 1289 713; baseline 0.008 -9"><span class='ocrx_word' id='word_1_11' title='bbox 143 643 413 706; x_wconf 74' lang='grc' dir='ltr'><em>ΘΕΟΚΡΙΤΟΓ</em></span> <span class='ocrx_word' id='word_1_12' title='bbox 436 643 708 706; x_wconf 76' lang='grc' dir='ltr'><em>ΒΟΤΚΟΛΙΚΑ</em></span> <span class='ocrx_word' id='word_1_13' title='bbox 738 643 912 706; x_wconf 76' lang='grc' dir='ltr'><em>ΘΤΡΣΙΣ</em></span> <span class='ocrx_word' id='word_1_14' title='bbox 935 647 974 708; x_wconf 88' lang='lat' dir='ltr'><em>H</em></span> <span class='ocrx_word' id='word_1_15' title='bbox 997 647 1104 710; x_wconf 76' lang='grc' dir='ltr'><strong>ΩΔΗ</strong></span> <span class='ocrx_word' id='word_1_16' title='bbox 1128 651 1289 713; x_wconf 75' lang='lat' dir='ltr'><strong>Elm-</strong></span> 
     </span>
     <span class='ocr_line' id='line_1_4' title="bbox 143 743 1285 838; baseline 0.01 -30"><span class='ocrx_word' id='word_1_17' title='bbox 143 749 266 810; x_wconf 80' lang='grc' dir='ltr'><em>ΛΙΟΝ</em></span> <span class='ocrx_word' id='word_1_18' title='bbox 292 751 499 812; x_wconf 73' lang='grc' dir='ltr'><em>ΠΡΩΤΟΝ</em></span> <span class='ocrx_word' id='word_1_19' title='bbox 504 774 514 826; x_wconf 74' lang='lat'>3</span> <span class='ocrx_word' id='word_1_20' title='bbox 555 747 677 812; x_wconf 83' lang='lat' dir='ltr'><strong>claudit</strong></span> <span class='ocrx_word' id='word_1_21' title='bbox 698 743 851 823; x_wconf 82' lang='grc' dir='ltr'><strong><em>Πέλεκυς</em></strong></span> <span class='ocrx_word' id='word_1_22' title='bbox 874 751 909 814; x_wconf 90' lang='lat' dir='ltr'><strong>in</strong></span> <span class='ocrx_word' id='word_1_23' title='bbox 938 751 994 816; x_wconf 86' lang='lat' dir='ltr'><strong>sol.</strong></span> <span class='ocrx_word' id='word_1_24' title='bbox 1025 754 1112 838; x_wconf 63' lang='lat'><strong>73¹),</strong></span> <span class='ocrx_word' id='word_1_25' title='bbox 1140 753 1196 818; x_wconf 85' lang='lat' dir='ltr'><strong>fol.</strong></span> <span class='ocrx_word' id='word_1_26' title='bbox 1226 757 1285 820; x_wconf 62' lang='lat'><strong>73²</strong></span> 
     </span>
     <span class='ocr_line' id='line_1_5' title="bbox 143 852 1288 945; baseline 0.008 -28"><span class='ocrx_word' id='word_1_27' title='bbox 143 853 310 918; x_wconf 79' lang='lat' dir='ltr'><strong>Graecam</strong></span> <span class='ocrx_word' id='word_1_28' title='bbox 330 854 508 940; x_wconf 81' lang='lat' dir='ltr'><strong>epistolam</strong></span> <span class='ocrx_word' id='word_1_29' title='bbox 532 853 628 919; x_wconf 87' lang='lat' dir='ltr'><strong>Pauli</strong></span> <span class='ocrx_word' id='word_1_30' title='bbox 649 853 774 936; x_wconf 86' lang='lat' dir='ltr'><strong>Melae,</strong></span> <span class='ocrx_word' id='word_1_31' title='bbox 795 852 851 918; x_wconf 89' lang='lat' dir='ltr'><strong>fol.</strong></span> <span class='ocrx_word' id='word_1_32' title='bbox 876 859 926 922; x_wconf 74' lang='lat'><strong>74.</strong></span> <span class='ocrx_word' id='word_1_33' title='bbox 949 857 1222 945; x_wconf 75' lang='lat' dir='ltr'><strong>subscriptionem</strong></span> <span class='ocrx_word' id='word_1_34' title='bbox 1237 883 1288 926; x_wconf 87' lang='lat' dir='ltr'><strong>su-</strong></span> 
     </span>
     <span class='ocr_line' id='line_1_6' title="bbox 143 961 1288 1050; baseline 0.006 -25"><span class='ocrx_word' id='word_1_35' title='bbox 143 984 206 1048; x_wconf 85' lang='lat' dir='ltr'><strong>pra</strong></span> <span class='ocrx_word' id='word_1_36' title='bbox 228 963 452 1048; x_wconf 67' lang='lat' dir='ltr'><strong>exscriptam</strong></span> <span class='ocrx_word' id='word_1_37' title='bbox 484 961 543 1027; x_wconf 84' lang='lat' dir='ltr'><strong>iol.</strong></span> <span class='ocrx_word' id='word_1_38' title='bbox 565 965 615 1024; x_wconf 83' lang='lat'><strong>75.</strong></span> <span class='ocrx_word' id='word_1_39' title='bbox 639 963 690 1025; x_wconf 88' lang='grc'><strong>76.</strong></span> <span class='ocrx_word' id='word_1_40' title='bbox 715 981 822 1026; x_wconf 84' lang='lat' dir='ltr'><strong>vacua</strong></span> <span class='ocrx_word' id='word_1_41' title='bbox 844 969 934 1045; x_wconf 88' lang='lat' dir='ltr'><strong>sunt,</strong></span> <span class='ocrx_word' id='word_1_42' title='bbox 962 964 1028 1028; x_wconf 91' lang='lat' dir='ltr'><strong>nisi</strong></span> <span class='ocrx_word' id='word_1_43' title='bbox 1050 965 1139 1050; x_wconf 86' lang='lat' dir='ltr'><strong>quod</strong></span> <span class='ocrx_word' id='word_1_44' title='bbox 1160 967 1195 1030; x_wconf 91' lang='lat' dir='ltr'><strong>in</strong></span> <span class='ocrx_word' id='word_1_45' title='bbox 1215 965 1288 1032; x_wconf 91' lang='lat' dir='ltr'><strong>ulti-</strong></span> 
     </span>
     <span class='ocr_line' id='line_1_7' title="bbox 143 1064 1287 1156; baseline 0.004 -24"><span class='ocrx_word' id='word_1_46' title='bbox 143 1089 201 1132; x_wconf 89' lang='lat' dir='ltr'><strong>ma</strong></span> <span class='ocrx_word' id='word_1_47' title='bbox 224 1071 350 1156; x_wconf 83' lang='lat' dir='ltr'><strong>pagina</strong></span> <span class='ocrx_word' id='word_1_48' title='bbox 377 1067 511 1151; x_wconf 80' lang='lat' dir='ltr'><strong>insigne</strong></span> <span class='ocrx_word' id='word_1_49' title='bbox 539 1064 811 1154; x_wconf 85' lang='lat' dir='ltr'><strong>typographicum</strong></span> <span class='ocrx_word' id='word_1_50' title='bbox 838 1068 940 1152; x_wconf 59' lang='lat' dir='ltr'><strong>esst).</strong></span> <span class='ocrx_word' id='word_1_51' title='bbox 984 1067 1104 1135; x_wconf 83' lang='lat' dir='ltr'><strong>Editor</strong></span> <span class='ocrx_word' id='word_1_52' title='bbox 1131 1071 1195 1138; x_wconf 87' lang='lat' dir='ltr'><strong>fuit</strong></span> <span class='ocrx_word' id='word_1_53' title='bbox 1223 1073 1287 1137; x_wconf 79' lang='lat' dir='ltr'><strong>Eu-</strong></span> 
     </span>
     <span class='ocr_line' id='line_1_8' title="bbox 143 1172 1286 1266; baseline 0.005 -29"><span class='ocrx_word' id='word_1_54' title='bbox 143 1172 334 1260; x_wconf 84' lang='lat' dir='ltr'><strong>phrosynus</strong></span> <span class='ocrx_word' id='word_1_55' title='bbox 360 1172 510 1237; x_wconf 89' lang='lat' dir='ltr'><strong>Boninus</strong></span> <span class='ocrx_word' id='word_1_56' title='bbox 539 1183 572 1237; x_wconf 89' lang='lat' dir='ltr'><strong>et</strong></span> <span class='ocrx_word' id='word_1_57' title='bbox 600 1173 674 1239; x_wconf 88' lang='lat' dir='ltr'><strong>aliis</strong></span> <span class='ocrx_word' id='word_1_58' title='bbox 701 1173 858 1238; x_wconf 86' lang='lat' dir='ltr'><strong>subsidiis</strong></span> <span class='ocrx_word' id='word_1_59' title='bbox 886 1195 966 1239; x_wconf 90' lang='lat' dir='ltr'><strong>usus</strong></span> <span class='ocrx_word' id='word_1_60' title='bbox 995 1184 1028 1239; x_wconf 87' lang='lat' dir='ltr'><strong>et</strong></span> <span class='ocrx_word' id='word_1_61' title='bbox 1055 1175 1168 1241; x_wconf 88' lang='lat' dir='ltr'><strong>codice</strong></span> <span class='ocrx_word' id='word_1_62' title='bbox 1190 1201 1286 1266; x_wconf 89' lang='lat' dir='ltr'><strong>quem</strong></span> 
     </span>
     <span class='ocr_line' id='line_1_9' title="bbox 144 1278 1285 1370; baseline 0.005 -26"><span class='ocrx_word' id='word_1_63' title='bbox 144 1280 303 1344; x_wconf 86' lang='lat' dir='ltr'><strong>hlusurus</strong></span> <span class='ocrx_word' id='word_1_64' title='bbox 325 1278 586 1364; x_wconf 78' lang='lat' dir='ltr'><strong>correxerat**).</strong></span> <span class='ocrx_word' id='word_1_65' title='bbox 605 1319 641 1328; x_wconf 93' lang='lat'><strong>—-</strong></span> <span class='ocrx_word' id='word_1_66' title='bbox 661 1280 794 1346; x_wconf 88' lang='lat' dir='ltr'><strong>Annum</strong></span> <span class='ocrx_word' id='word_1_67' title='bbox 815 1303 910 1363; x_wconf 88' lang='lat' dir='ltr'><strong>vero,</strong></span> <span class='ocrx_word' id='word_1_68' title='bbox 930 1303 994 1370; x_wconf 90' lang='lat' dir='ltr'><strong>quo</strong></span> <span class='ocrx_word' id='word_1_69' title='bbox 1012 1281 1097 1347; x_wconf 90' lang='lat' dir='ltr'><strong>liber</strong></span> <span class='ocrx_word' id='word_1_70' title='bbox 1115 1280 1285 1350; x_wconf 89' lang='lat' dir='ltr'><strong>absolutus</strong></span> 
     </span>
    </p>
   </div>
   <div class='ocr_carea' id='block_1_3' title="bbox 144 1512 1285 1675">
    <p class='ocr_par' dir='ltr' id='par_1_3' title="bbox 144 1512 1285 1675">
     <span class='ocr_line' id='line_1_10' title="bbox 217 1512 1285 1583; baseline 0.005 -19"><span class='ocrx_word' id='word_1_71' title='bbox 217 1512 245 1578; x_wconf 80' lang='lat'><strong>*)</strong></span> <span class='ocrx_word' id='word_1_72' title='bbox 265 1515 312 1564; x_wconf 87' lang='lat' dir='ltr'><strong>Ita</strong></span> <span class='ocrx_word' id='word_1_73' title='bbox 331 1516 535 1582; x_wconf 81' lang='lat' dir='ltr'><strong>integerrimum</strong></span> <span class='ocrx_word' id='word_1_74' title='bbox 552 1517 691 1583; x_wconf 81' lang='lat' dir='ltr'><strong>exemplar</strong></span> <span class='ocrx_word' id='word_1_75' title='bbox 708 1516 893 1568; x_wconf 80' lang='lat' dir='ltr'><strong>bibliothecae</strong></span> <span class='ocrx_word' id='word_1_76' title='bbox 906 1517 1089 1580; x_wconf 85' lang='lat' dir='ltr'><strong>Basileensis‚</strong></span> <span class='ocrx_word' id='word_1_77' title='bbox 1109 1517 1181 1582; x_wconf 90' lang='lat' dir='ltr'><strong>quod</strong></span> <span class='ocrx_word' id='word_1_78' title='bbox 1201 1521 1285 1569; x_wconf 90' lang='lat' dir='ltr'><strong>mani·</strong></span> 
     </span>
     <span class='ocr_line' id='line_1_11' title="bbox 144 1605 1285 1675; baseline 0.007 -21"><span class='ocrx_word' id='word_1_79' title='bbox 144 1605 196 1654; x_wconf 88' lang='lat' dir='ltr'><strong>hus</strong></span> <span class='ocrx_word' id='word_1_80' title='bbox 216 1609 313 1666; x_wconf 85' lang='lat' dir='ltr'><strong>teneo,</strong></span> <span class='ocrx_word' id='word_1_81' title='bbox 332 1607 386 1658; x_wconf 88' lang='lat' dir='ltr'><strong>nisi</strong></span> <span class='ocrx_word' id='word_1_82' title='bbox 407 1609 480 1675; x_wconf 89' lang='lat' dir='ltr'><strong>qnod</strong></span> <span class='ocrx_word' id='word_1_83' title='bbox 499 1607 592 1660; x_wconf 88' lang='lat' dir='ltr'><strong>ultimi</strong></span> <span class='ocrx_word' id='word_1_84' title='bbox 610 1608 767 1660; x_wconf 90' lang='lat' dir='ltr'><strong>duernionis</strong></span> <span class='ocrx_word' id='word_1_85' title='bbox 785 1608 840 1659; x_wconf 91' lang='lat' dir='ltr'><strong>duo</strong></span> <span class='ocrx_word' id='word_1_86' title='bbox 858 1606 973 1670; x_wconf 83' lang='lat' dir='ltr'><strong>biiolia,</strong></span> <span class='ocrx_word' id='word_1_87' title='bbox 993 1622 1063 1672; x_wconf 88' lang='lat' dir='ltr'><strong>quae</strong></span> <span class='ocrx_word' id='word_1_88' title='bbox 1079 1609 1221 1674; x_wconf 77' lang='lat' dir='ltr'><strong>signatura</strong></span> <span class='ocrx_word' id='word_1_89' title='bbox 1240 1627 1285 1662; x_wconf 88' lang='lat' dir='ltr'><strong>ca-</strong></span> 
     </span>
    </p>
   </div>
   <div class='ocr_carea' id='block_1_4' title="bbox 143 1744 1289 4374">
    <p class='ocr_par' dir='ltr' id='par_1_4' title="bbox 143 1744 1289 3290">
     <span class='ocr_line' id='line_1_12' title="bbox 144 1744 1287 1836; baseline 0.009 -20"><span class='ocrx_word' id='word_1_90' title='bbox 144 1770 221 1828; x_wconf 78' lang='lat' dir='ltr'><strong>rent,</strong></span> <span class='ocrx_word' id='word_1_91' title='bbox 240 1771 337 1831; x_wconf 87' lang='lat' dir='ltr'><strong>sperto</strong></span> <span class='ocrx_word' id='word_1_92' title='bbox 355 1783 447 1818; x_wconf 87' lang='lat' dir='ltr'><strong>errore</strong></span> <span class='ocrx_word' id='word_1_93' title='bbox 467 1767 497 1816; x_wconf 89' lang='lat' dir='ltr'><strong>in</strong></span> <span class='ocrx_word' id='word_1_94' title='bbox 516 1767 636 1818; x_wconf 82' lang='lat' dir='ltr'><strong>ordinem</strong></span> <span class='ocrx_word' id='word_1_95' title='bbox 654 1769 795 1820; x_wconf 85' lang='lat' dir='ltr'><strong>inversum</strong></span> <span class='ocrx_word' id='word_1_96' title='bbox 814 1763 950 1820; x_wconf 85' lang='lat' dir='ltr'><strong>collocata</strong></span> <span class='ocrx_word' id='word_1_97' title='bbox 968 1768 1034 1814; x_wconf 88' lang='lat' dir='ltr'><strong>sunt</strong></span> <span class='ocrx_word' id='word_1_98' title='bbox 1053 1764 1111 1830; x_wconf 83' lang='lat' dir='ltr'><strong>(iol.</strong></span> <span class='ocrx_word' id='word_1_99' title='bbox 1131 1773 1156 1822; x_wconf 77' lang='lat'><strong>¹2.</strong></span> <span class='ocrx_word' id='word_1_100' title='bbox 1169 1744 1228 1824; x_wconf 64' lang='lat' dir='ltr'><strong>sd.</strong></span> <span class='ocrx_word' id='word_1_101' title='bbox 1239 1771 1287 1836; x_wconf 82' lang='grc'>3.),</span> 
     </span>
     <span class='ocr_line' id='line_1_13' title="bbox 148 1853 1287 1922; baseline -0.003 -16"><span class='ocrx_word' id='word_1_102' title='bbox 148 1871 228 1922; x_wconf 85' lang='lat' dir='ltr'><strong>quem</strong></span> <span class='ocrx_word' id='word_1_103' title='bbox 245 1874 361 1910; x_wconf 87' lang='lat' dir='ltr'><strong>errorem</strong></span> <span class='ocrx_word' id='word_1_104' title='bbox 381 1873 469 1922; x_wconf 85' lang='lat' dir='ltr'><strong>snpra</strong></span> <span class='ocrx_word' id='word_1_105' title='bbox 489 1859 576 1910; x_wconf 86' lang='lat' dir='ltr'><strong>tacite</strong></span> <span class='ocrx_word' id='word_1_106' title='bbox 595 1859 775 1909; x_wconf 83' lang='lat' dir='ltr'><strong>correximus.</strong></span> <span class='ocrx_word' id='word_1_107' title='bbox 812 1853 903 1905; x_wconf 85' lang='lat' dir='ltr'><strong>Simili</strong></span> <span class='ocrx_word' id='word_1_108' title='bbox 921 1854 1076 1919; x_wconf 74' lang='lat' dir='ltr'><strong>sphalmata</strong></span> <span class='ocrx_word' id='word_1_109' title='bbox 1095 1861 1123 1910; x_wconf 91' lang='lat' dir='ltr'><strong>in</strong></span> <span class='ocrx_word' id='word_1_110' title='bbox 1140 1864 1232 1914; x_wconf 87' lang='lat' dir='ltr'><strong>eodem</strong></span> <span class='ocrx_word' id='word_1_111' title='bbox 1247 1865 1287 1915; x_wconf 89' lang='lat' dir='ltr'><strong>hi.</strong></span> 
     </span>
     <span class='ocr_line' id='line_1_14' title="bbox 147 1943 1287 2010; baseline 0.007 -13"><span class='ocrx_word' id='word_1_112' title='bbox 147 1947 217 1998; x_wconf 78' lang='lat' dir='ltr'><strong>lolia</strong></span> <span class='ocrx_word' id='word_1_113' title='bbox 235 1951 244 1998; x_wconf 92' lang='lat' dir='ltr'><strong>i</strong></span> <span class='ocrx_word' id='word_1_114' title='bbox 263 1951 294 2000; x_wconf 89' lang='lat' dir='ltr'><strong>iii</strong></span> <span class='ocrx_word' id='word_1_115' title='bbox 313 1953 340 2002; x_wconf 85' lang='lat' dir='ltr'><strong>et</strong></span> <span class='ocrx_word' id='word_1_116' title='bbox 360 1951 370 2000; x_wconf 95' lang='lat' dir='ltr'><strong>i</strong></span> <span class='ocrx_word' id='word_1_117' title='bbox 388 1951 432 2000; x_wconf 89' lang='lat' dir='ltr'><strong>iiii</strong></span> <span class='ocrx_word' id='word_1_118' title='bbox 449 1949 528 2000; x_wconf 88' lang='lat' dir='ltr'><strong>locos</strong></span> <span class='ocrx_word' id='word_1_119' title='bbox 543 1953 691 2000; x_wconf 78' lang='lat' dir='ltr'><strong>mutarunt.</strong></span> <span class='ocrx_word' id='word_1_120' title='bbox 735 1949 767 1997; x_wconf 91' lang='lat' dir='ltr'><strong>ln</strong></span> <span class='ocrx_word' id='word_1_121' title='bbox 796 1943 946 2010; x_wconf 79' lang='lat' dir='ltr'><strong>exemplari</strong></span> <span class='ocrx_word' id='word_1_122' title='bbox 971 1947 1153 2001; x_wconf 84' lang='lat' dir='ltr'><strong>bibliothecae</strong></span> <span class='ocrx_word' id='word_1_123' title='bbox 1177 1953 1287 2006; x_wconf 85' lang='lat' dir='ltr'><strong>urbicae</strong></span> 
     </span>
     <span class='ocr_line' id='line_1_15' title="bbox 145 2039 1281 2105; baseline 0.004 -15"><span class='ocrx_word' id='word_1_124' title='bbox 145 2041 300 2105; x_wconf 78' lang='lat' dir='ltr'><strong>Lipsiensis</strong></span> <span class='ocrx_word' id='word_1_125' title='bbox 323 2041 425 2092; x_wconf 85' lang='lat' dir='ltr'><strong>desunt</strong></span> <span class='ocrx_word' id='word_1_126' title='bbox 448 2040 496 2092; x_wconf 84' lang='lat' dir='ltr'><strong>iol.</strong></span> <span class='ocrx_word' id='word_1_127' title='bbox 523 2043 549 2091; x_wconf 79' lang='lat'><strong>2.</strong></span> <span class='ocrx_word' id='word_1_128' title='bbox 568 2046 597 2092; x_wconf 87' lang='lat' dir='ltr'><strong>et</strong></span> <span class='ocrx_word' id='word_1_129' title='bbox 615 2045 690 2090; x_wconf 86' lang='lat' dir='ltr'><strong>totus</strong></span> <span class='ocrx_word' id='word_1_130' title='bbox 709 2039 824 2090; x_wconf 88' lang='lat' dir='ltr'><strong>duernio</strong></span> <span class='ocrx_word' id='word_1_131' title='bbox 843 2041 982 2088; x_wconf 85' lang='lat' dir='ltr'><strong>extremus</strong></span> <span class='ocrx_word' id='word_1_132' title='bbox 1000 2039 1059 2089; x_wconf 89' lang='lat' dir='ltr'><strong>sive</strong></span> <span class='ocrx_word' id='word_1_133' title='bbox 1082 2039 1139 2092; x_wconf 84' lang='lat' dir='ltr'><strong>foll.</strong></span> <span class='ocrx_word' id='word_1_134' title='bbox 1160 2043 1281 2100; x_wconf 78' lang='lat' dir='ltr'><strong>73-to.</strong></span> 
     </span>
     <span class='ocr_line' id='line_1_16' title="bbox 143 2128 1286 2198; baseline 0.006 -18"><span class='ocrx_word' id='word_1_135' title='bbox 143 2131 406 2195; x_wconf 82' lang='lat' dir='ltr'><strong>Verba„Theocriti</strong></span> <span class='ocrx_word' id='word_1_136' title='bbox 418 2132 638 2196; x_wconf 82' lang='lat' dir='ltr'><strong>castigatissima</strong></span> <span class='ocrx_word' id='word_1_137' title='bbox 645 2129 719 2181; x_wconf 85' lang='lat' dir='ltr'><strong>etc.“</strong></span> <span class='ocrx_word' id='word_1_138' title='bbox 732 2128 934 2180; x_wconf 82' lang='lat' dir='ltr'><strong>Valckenarius</strong></span> <span class='ocrx_word' id='word_1_139' title='bbox 946 2129 1073 2192; x_wconf 78' lang='lat' dir='ltr'><strong>infreme</strong></span> <span class='ocrx_word' id='word_1_140' title='bbox 1086 2135 1177 2198; x_wconf 89' lang='lat' dir='ltr'><strong>operis</strong></span> <span class='ocrx_word' id='word_1_141' title='bbox 1191 2140 1286 2186; x_wconf 80' lang='lat' dir='ltr'><strong>extare</strong></span> 
     </span>
     <span class='ocr_line' id='line_1_17' title="bbox 144 2220 1285 2292; baseline 0.005 -20"><span class='ocrx_word' id='word_1_142' title='bbox 144 2221 247 2285; x_wconf 83' lang='lat' dir='ltr'><strong>tradit,</strong></span> <span class='ocrx_word' id='word_1_143' title='bbox 265 2223 364 2274; x_wconf 81' lang='lat' dir='ltr'><strong>calami</strong></span> <span class='ocrx_word' id='word_1_144' title='bbox 383 2222 561 2283; x_wconf 79' lang='lat' dir='ltr'><strong>festinantis,</strong></span> <span class='ocrx_word' id='word_1_145' title='bbox 580 2226 611 2272; x_wconf 86' lang='lat' dir='ltr'><strong>ut</strong></span> <span class='ocrx_word' id='word_1_146' title='bbox 627 2223 752 2283; x_wconf 84' lang='lat' dir='ltr'><strong>videtur,</strong></span> <span class='ocrx_word' id='word_1_147' title='bbox 771 2237 876 2280; x_wconf 80' lang='lat' dir='ltr'><strong>errore3</strong></span> <span class='ocrx_word' id='word_1_148' title='bbox 897 2221 925 2269; x_wconf 87' lang='lat' dir='ltr'><strong>in</strong></span> <span class='ocrx_word' id='word_1_149' title='bbox 948 2220 1025 2271; x_wconf 86' lang='lat' dir='ltr'><strong>calce</strong></span> <span class='ocrx_word' id='word_1_150' title='bbox 1044 2225 1139 2275; x_wconf 82' lang='lat' dir='ltr'><strong>eadem</strong></span> <span class='ocrx_word' id='word_1_151' title='bbox 1157 2226 1224 2292; x_wconf 78' lang='lat' dir='ltr'><strong>legit</strong></span> <span class='ocrx_word' id='word_1_152' title='bbox 1242 2229 1285 2278; x_wconf 91' lang='lat' dir='ltr'><strong>Pi-</strong></span> 
     </span>
     <span class='ocr_line' id='line_1_18' title="bbox 145 2311 1285 2381; baseline 0.006 -20"><span class='ocrx_word' id='word_1_153' title='bbox 145 2313 265 2374; x_wconf 75' lang='lat' dir='ltr'><strong>lmeins,</strong></span> <span class='ocrx_word' id='word_1_154' title='bbox 291 2319 322 2364; x_wconf 84' lang='lat' dir='ltr'><strong>ut</strong></span> <span class='ocrx_word' id='word_1_155' title='bbox 340 2319 407 2365; x_wconf 85' lang='lat' dir='ltr'><strong>sunt</strong></span> <span class='ocrx_word' id='word_1_156' title='bbox 427 2313 455 2362; x_wconf 92' lang='lat' dir='ltr'><strong>in</strong></span> <span class='ocrx_word' id='word_1_157' title='bbox 480 2311 595 2377; x_wconf 84' lang='lat' dir='ltr'><strong>exempl.</strong></span> <span class='ocrx_word' id='word_1_158' title='bbox 617 2312 702 2364; x_wconf 84' lang='lat' dir='ltr'><strong>Basil.</strong></span> <span class='ocrx_word' id='word_1_159' title='bbox 729 2338 762 2348; x_wconf 88' lang='lat'><em>-</em></span> <span class='ocrx_word' id='word_1_160' title='bbox 783 2313 816 2361; x_wconf 90' lang='lat' dir='ltr'><strong>In</strong></span> <span class='ocrx_word' id='word_1_161' title='bbox 839 2317 955 2378; x_wconf 84' lang='lat' dir='ltr'><strong>utroque</strong></span> <span class='ocrx_word' id='word_1_162' title='bbox 979 2316 1130 2381; x_wconf 80' lang='lat' dir='ltr'><strong>exemplari</strong></span> <span class='ocrx_word' id='word_1_163' title='bbox 1154 2317 1285 2370; x_wconf 85' lang='lat' dir='ltr'><strong>adhaeret</strong></span> 
     </span>
     <span class='ocr_line' id='line_1_19' title="bbox 145 2403 1285 2471; baseline 0.005 -17"><span class='ocrx_word' id='word_1_164' title='bbox 145 2421 209 2456; x_wconf 86' lang='lat' dir='ltr'><strong>enm</strong></span> <span class='ocrx_word' id='word_1_165' title='bbox 226 2421 297 2456; x_wconf 83' lang='lat' dir='ltr'><strong>nova</strong></span> <span class='ocrx_word' id='word_1_166' title='bbox 315 2407 465 2471; x_wconf 80' lang='lat' dir='ltr'><strong>signatura</strong></span> <span class='ocrx_word' id='word_1_167' title='bbox 482 2404 527 2455; x_wconf 90' lang='lat' dir='ltr'><strong>hic</strong></span> <span class='ocrx_word' id='word_1_168' title='bbox 547 2404 631 2466; x_wconf 83' lang='lat' dir='ltr'><strong>liber,</strong></span> <span class='ocrx_word' id='word_1_169' title='bbox 651 2418 730 2470; x_wconf 89' lang='lat' dir='ltr'><strong>quem</strong></span> <span class='ocrx_word' id='word_1_170' title='bbox 749 2403 843 2453; x_wconf 82' lang='lat' dir='ltr'><strong>eedem</strong></span> <span class='ocrx_word' id='word_1_171' title='bbox 862 2405 994 2469; x_wconf 79' lang='lat' dir='ltr'><strong>religione</strong></span> <span class='ocrx_word' id='word_1_172' title='bbox 1012 2407 1149 2459; x_wconf 83' lang='lat' dir='ltr'><strong>describo:</strong></span> <span class='ocrx_word' id='word_1_173' title='bbox 1175 2407 1285 2460; x_wconf 82' lang='grc' dir='ltr'><em>ΗΣΙΟ-</em></span> 
     </span>
     <span class='ocr_line' id='line_1_20' title="bbox 145 2493 1287 2563; baseline 0.005 -17"><span class='ocrx_word' id='word_1_174' title='bbox 145 2494 228 2546; x_wconf 84' lang='grc' dir='ltr'><strong>ΔΟΣ</strong></span> <span class='ocrx_word' id='word_1_175' title='bbox 243 2496 269 2548; x_wconf 92' lang='grc' dir='ltr'>Ο</span> <span class='ocrx_word' id='word_1_176' title='bbox 286 2493 494 2546; x_wconf 82' lang='grc' dir='ltr'><em>ΑΣΚΡΑΙΟΣ.</em></span> <span class='ocrx_word' id='word_1_177' title='bbox 532 2496 566 2545; x_wconf 89' lang='lat' dir='ltr'><strong>ln</strong></span> <span class='ocrx_word' id='word_1_178' title='bbox 583 2494 674 2546; x_wconf 84' lang='lat' dir='ltr'><strong>calce:</strong></span> <span class='ocrx_word' id='word_1_179' title='bbox 694 2494 801 2544; x_wconf 76' lang='lat' dir='ltr'><strong>Hesiodi</strong></span> <span class='ocrx_word' id='word_1_180' title='bbox 817 2500 1011 2563; x_wconf 67' lang='lat' dir='ltr'><strong>occupatissima</strong></span> <span class='ocrx_word' id='word_1_181' title='bbox 1029 2513 1120 2562; x_wconf 80' lang='lat' dir='ltr'><strong>opera,</strong></span> <span class='ocrx_word' id='word_1_182' title='bbox 1139 2501 1287 2552; x_wconf 74' lang='lat' dir='ltr'><strong>Florentiae</strong></span> 
     </span>
     <span class='ocr_line' id='line_1_21' title="bbox 143 2586 1289 2652; baseline 0.003 -14"><span class='ocrx_word' id='word_1_183' title='bbox 143 2589 268 2652; x_wconf 73' lang='lat' dir='ltr'><strong>inpressa</strong></span> <span class='ocrx_word' id='word_1_184' title='bbox 293 2591 317 2638; x_wconf 83' lang='grc' dir='ltr'><strong>ἰκ</strong></span> <span class='ocrx_word' id='word_1_185' title='bbox 342 2588 453 2640; x_wconf 80' lang='lat' dir='ltr'><strong>aedibus</strong></span> <span class='ocrx_word' id='word_1_186' title='bbox 476 2586 588 2648; x_wconf 80' lang='lat' dir='ltr'><strong>Philippi</strong></span> <span class='ocrx_word' id='word_1_187' title='bbox 610 2588 695 2635; x_wconf 79' lang='lat' dir='ltr'><strong>tantae</strong></span> <span class='ocrx_word' id='word_1_188' title='bbox 720 2586 793 2646; x_wconf 76' lang='lat' dir='ltr'><strong>finem</strong></span> <span class='ocrx_word' id='word_1_189' title='bbox 820 2595 896 2638; x_wconf 79' lang='lat' dir='ltr'><strong>uacca</strong></span> <span class='ocrx_word' id='word_1_190' title='bbox 922 2597 988 2638; x_wconf 79' lang='lat' dir='ltr'><strong>mort.</strong></span> <span class='ocrx_word' id='word_1_191' title='bbox 1017 2591 1066 2640; x_wconf 85' lang='lat' dir='ltr'><strong>die.</strong></span> <span class='ocrx_word' id='word_1_192' title='bbox 1092 2589 1154 2640; x_wconf 92' lang='lat' dir='ltr'><strong>XX.</strong></span> <span class='ocrx_word' id='word_1_193' title='bbox 1175 2594 1289 2642; x_wconf 81' lang='lat' dir='ltr'><strong>ianuarii</strong></span> 
     </span>
     <span class='ocr_line' id='line_1_22' title="bbox 149 2676 1279 2744; baseline 0.003 -16"><span class='ocrx_word' id='word_1_194' title='bbox 149 2679 288 2731; x_wconf 78' lang='lat' dir='ltr'><strong>M.D.XV.</strong></span> <span class='ocrx_word' id='word_1_195' title='bbox 303 2681 400 2730; x_wconf 83' lang='lat' dir='ltr'><strong>Leonis</strong></span> <span class='ocrx_word' id='word_1_196' title='bbox 415 2679 450 2728; x_wconf 87' lang='lat' dir='ltr'><strong>X.</strong></span> <span class='ocrx_word' id='word_1_197' title='bbox 463 2679 579 2742; x_wconf 74' lang='lat' dir='ltr'><strong>pontifici</strong></span> <span class='ocrx_word' id='word_1_198' title='bbox 588 2676 690 2726; x_wconf 75' lang='lat' dir='ltr'><strong>maxiani</strong></span> <span class='ocrx_word' id='word_1_199' title='bbox 701 2689 767 2724; x_wconf 81' lang='lat' dir='ltr'><strong>uano</strong></span> <span class='ocrx_word' id='word_1_200' title='bbox 779 2679 861 2728; x_wconf 82' lang='lat' dir='ltr'><strong>tertio.</strong></span> <span class='ocrx_word' id='word_1_201' title='bbox 890 2695 916 2732; x_wconf 88' lang='grc' dir='ltr'><strong>α.</strong></span> <span class='ocrx_word' id='word_1_202' title='bbox 930 2679 954 2728; x_wconf 84' lang='lat' dir='ltr'><strong>b.</strong></span> <span class='ocrx_word' id='word_1_203' title='bbox 966 2695 989 2733; x_wconf 86' lang='lat' dir='ltr'><strong>e.</strong></span> <span class='ocrx_word' id='word_1_204' title='bbox 1008 2681 1032 2728; x_wconf 85' lang='lat' dir='ltr'><strong>d.</strong></span> <span class='ocrx_word' id='word_1_205' title='bbox 1046 2697 1067 2729; x_wconf 82' lang='lat' dir='ltr'><strong>e.</strong></span> <span class='ocrx_word' id='word_1_206' title='bbox 1077 2679 1101 2742; x_wconf 78' lang='lat' dir='ltr'><strong>s.</strong></span> <span class='ocrx_word' id='word_1_207' title='bbox 1112 2695 1138 2744; x_wconf 77' lang='lat' dir='ltr'><strong>p.</strong></span> <span class='ocrx_word' id='word_1_208' title='bbox 1150 2679 1174 2729; x_wconf 84' lang='lat' dir='ltr'><strong>d.</strong></span> <span class='ocrx_word' id='word_1_209' title='bbox 1188 2683 1205 2733; x_wconf 89' lang='lat' dir='ltr'><strong>i.</strong></span> <span class='ocrx_word' id='word_1_210' title='bbox 1220 2681 1245 2730; x_wconf 81' lang='grc' dir='ltr'><strong>Ιε.</strong></span> <span class='ocrx_word' id='word_1_211' title='bbox 1262 2683 1279 2731; x_wconf 89' lang='grc' dir='ltr'><strong>ί.</strong></span> 
     </span>
     <span class='ocr_line' id='line_1_23' title="bbox 145 2763 1287 2837; baseline 0.003 -19"><span class='ocrx_word' id='word_1_212' title='bbox 145 2769 327 2830; x_wconf 67' lang='lat' dir='ltr'><strong>Quales-nimios</strong></span> <span class='ocrx_word' id='word_1_213' title='bbox 355 2786 454 2834; x_wconf 77' lang='lat' dir='ltr'><strong>onmes,</strong></span> <span class='ocrx_word' id='word_1_214' title='bbox 491 2775 598 2831; x_wconf 75' lang='lat' dir='ltr'><strong>excepto</strong></span> <span class='ocrx_word' id='word_1_215' title='bbox 623 2766 708 2814; x_wconf 77' lang='lat' dir='ltr'><strong>utum</strong></span> <span class='ocrx_word' id='word_1_216' title='bbox 729 2763 872 2816; x_wconf 71' lang='grc' dir='ltr'><strong><em>άατννίοαο.</em></strong></span> <span class='ocrx_word' id='word_1_217' title='bbox 900 2768 934 2819; x_wconf 79' lang='grc'><strong>84</strong></span> <span class='ocrx_word' id='word_1_218' title='bbox 960 2767 1017 2818; x_wconf 81' lang='lat' dir='ltr'><strong>foll.</strong></span> <span class='ocrx_word' id='word_1_219' title='bbox 1043 2768 1069 2820; x_wconf 87' lang='grc'><strong>8.</strong></span> <span class='ocrx_word' id='word_1_220' title='bbox 1114 2771 1147 2820; x_wconf 92' lang='lat' dir='ltr'><strong>In</strong></span> <span class='ocrx_word' id='word_1_221' title='bbox 1171 2771 1287 2837; x_wconf 82' lang='lat' dir='ltr'><strong>exempl.</strong></span> 
     </span>
     <span class='ocr_line' id='line_1_24' title="bbox 146 2857 1286 2927; baseline 0 -17"><span class='ocrx_word' id='word_1_222' title='bbox 146 2861 221 2926; x_wconf 86' lang='lat' dir='ltr'><strong>Lips.</strong></span> <span class='ocrx_word' id='word_1_223' title='bbox 241 2864 385 2927; x_wconf 86' lang='lat' dir='ltr'><strong>perierunt</strong></span> <span class='ocrx_word' id='word_1_224' title='bbox 401 2859 500 2910; x_wconf 82' lang='lat' dir='ltr'><strong>lolium</strong></span> <span class='ocrx_word' id='word_1_225' title='bbox 518 2860 634 2924; x_wconf 87' lang='lat' dir='ltr'><strong>primum</strong></span> <span class='ocrx_word' id='word_1_226' title='bbox 653 2872 713 2906; x_wconf 91' lang='lat' dir='ltr'><strong>cum</strong></span> <span class='ocrx_word' id='word_1_227' title='bbox 734 2857 815 2908; x_wconf 84' lang='lat' dir='ltr'><strong>titulo</strong></span> <span class='ocrx_word' id='word_1_228' title='bbox 839 2863 867 2910; x_wconf 91' lang='lat' dir='ltr'><strong>et</strong></span> <span class='ocrx_word' id='word_1_229' title='bbox 889 2859 1007 2924; x_wconf 86' lang='lat' dir='ltr'><strong>epistola</strong></span> <span class='ocrx_word' id='word_1_230' title='bbox 1032 2859 1209 2925; x_wconf 84' lang='lat' dir='ltr'><strong>Euphrosyni</strong></span> <span class='ocrx_word' id='word_1_231' title='bbox 1235 2862 1286 2910; x_wconf 89' lang='lat' dir='ltr'><strong>Bo-</strong></span> 
     </span>
     <span class='ocr_line' id='line_1_25' title="bbox 147 2948 1286 3015; baseline -0.001 -14"><span class='ocrx_word' id='word_1_232' title='bbox 147 2951 205 3002; x_wconf 85' lang='lat' dir='ltr'><strong>uini</strong></span> <span class='ocrx_word' id='word_1_233' title='bbox 220 2953 338 3004; x_wconf 85' lang='lat' dir='ltr'><strong>editoris</strong></span> <span class='ocrx_word' id='word_1_234' title='bbox 355 2957 384 3004; x_wconf 86' lang='lat' dir='ltr'><strong>et</strong></span> <span class='ocrx_word' id='word_1_235' title='bbox 405 2951 534 3002; x_wconf 84' lang='lat' dir='ltr'><strong>ultimum</strong></span> <span class='ocrx_word' id='word_1_236' title='bbox 557 2965 617 3000; x_wconf 87' lang='lat' dir='ltr'><strong>cum</strong></span> <span class='ocrx_word' id='word_1_237' title='bbox 634 2948 846 3015; x_wconf 86' lang='lat' dir='ltr'><strong>subscriptione.</strong></span> <span class='ocrx_word' id='word_1_238' title='bbox 888 2948 988 3000; x_wconf 86' lang='lat' dir='ltr'><strong>Insunt</strong></span> <span class='ocrx_word' id='word_1_239' title='bbox 1006 2949 1123 3000; x_wconf 86' lang='lat' dir='ltr'><strong>Hesiodi</strong></span> <span class='ocrx_word' id='word_1_240' title='bbox 1140 2949 1172 3000; x_wconf 94' lang='grc' dir='ltr'><strong>Ο.</strong></span> <span class='ocrx_word' id='word_1_241' title='bbox 1193 2955 1221 3000; x_wconf 88' lang='lat' dir='ltr'><strong>et</strong></span> <span class='ocrx_word' id='word_1_242' title='bbox 1239 2951 1286 3014; x_wconf 83' lang='lat' dir='ltr'><strong>D.‚</strong></span> 
     </span>
     <span class='ocr_line' id='line_1_26' title="bbox 146 3030 1287 3108; baseline -0.003 -16"><span class='ocrx_word' id='word_1_243' title='bbox 146 3041 248 3108; x_wconf 80' lang='lat' dir='ltr'><strong>Theog.</strong></span> <span class='ocrx_word' id='word_1_244' title='bbox 267 3049 296 3095; x_wconf 88' lang='lat' dir='ltr'><strong>et</strong></span> <span class='ocrx_word' id='word_1_245' title='bbox 313 3043 405 3106; x_wconf 73' lang='lat' dir='ltr'><strong>Scut,</strong></span> <span class='ocrx_word' id='word_1_246' title='bbox 425 3042 579 3107; x_wconf 77' lang='lat' dir='ltr'><strong>Theognis,</strong></span> <span class='ocrx_word' id='word_1_247' title='bbox 598 3037 715 3103; x_wconf 78' lang='lat' dir='ltr'><strong>Psoipos</strong></span> <span class='ocrx_word' id='word_1_248' title='bbox 734 3031 806 3089; x_wconf 83' lang='grc' dir='ltr'><strong>κατὰ</strong></span> <span class='ocrx_word' id='word_1_249' title='bbox 825 3041 967 3103; x_wconf 80' lang='grc' dir='ltr'><strong><em>στοιχεῖον</em></strong></span> <span class='ocrx_word' id='word_1_250' title='bbox 985 3030 1015 3088; x_wconf 76' lang='grc' dir='ltr'><strong>ἐκ</strong></span> <span class='ocrx_word' id='word_1_251' title='bbox 1033 3031 1185 3104; x_wconf 77' lang='grc' dir='ltr'><strong><em>διαφόρων</em></strong></span> <span class='ocrx_word' id='word_1_252' title='bbox 1202 3055 1287 3104; x_wconf 85' lang='grc' dir='ltr'><strong><em>ποιη-</em></strong></span> 
     </span>
     <span class='ocr_line' id='line_1_27' title="bbox 144 3121 1289 3202; baseline -0.003 -20"><span class='ocrx_word' id='word_1_253' title='bbox 144 3129 215 3196; x_wconf 69' lang='lat' dir='ltr'><strong>esis,</strong></span> <span class='ocrx_word' id='word_1_254' title='bbox 241 3131 342 3199; x_wconf 83' lang='grc' dir='ltr'><strong><em>Στίχοι</em></strong></span> <span class='ocrx_word' id='word_1_255' title='bbox 366 3125 524 3202; x_wconf 83' lang='grc' dir='ltr'><strong><em>Σιβάλλας,</em></strong></span> <span class='ocrx_word' id='word_1_256' title='bbox 548 3129 647 3198; x_wconf 75' lang='grc' dir='ltr'><strong><em>Χρνσά</em></strong></span> <span class='ocrx_word' id='word_1_257' title='bbox 670 3124 724 3195; x_wconf 76' lang='grc' dir='ltr'><strong>ἔπη</strong></span> <span class='ocrx_word' id='word_1_258' title='bbox 748 3127 800 3179; x_wconf 78' lang='grc' dir='ltr'><strong>τοῦ</strong></span> <span class='ocrx_word' id='word_1_259' title='bbox 824 3121 1019 3194; x_wconf 75' lang='grc' dir='ltr'><em>Πυθαγόρου,</em></span> <span class='ocrx_word' id='word_1_260' title='bbox 1049 3128 1214 3194; x_wconf 75' lang='grc' dir='ltr'><strong><em>Γρηγορίον</em></strong></span> <span class='ocrx_word' id='word_1_261' title='bbox 1237 3126 1289 3180; x_wconf 82' lang='grc' dir='ltr'><strong>τοῦ</strong></span> 
     </span>
     <span class='ocr_line' id='line_1_28' title="bbox 147 3215 423 3290; baseline 0.011 -18"><span class='ocrx_word' id='word_1_262' title='bbox 147 3215 287 3289; x_wconf 71' lang='grc' dir='ltr'><strong><em>θεολόγον</em></strong></span> <span class='ocrx_word' id='word_1_263' title='bbox 302 3222 423 3290; x_wconf 75' lang='grc' dir='ltr'><strong><em>γνῶμαι.</em></strong></span> 
     </span>
    </p>

    <p class='ocr_par' dir='ltr' id='par_1_5' title="bbox 145 3305 1289 4374">
     <span class='ocr_line' id='line_1_29' title="bbox 218 3305 1288 3384; baseline -0.008 -18"><span class='ocrx_word' id='word_1_264' title='bbox 218 3313 260 3378; x_wconf 66' lang='grc'><strong>”)</strong></span> <span class='ocrx_word' id='word_1_265' title='bbox 279 3315 452 3384; x_wconf 81' lang='lat' dir='ltr'><strong>iutelligitur</strong></span> <span class='ocrx_word' id='word_1_266' title='bbox 471 3315 522 3366; x_wconf 89' lang='lat' dir='ltr'><strong>hoc</strong></span> <span class='ocrx_word' id='word_1_267' title='bbox 542 3333 573 3366; x_wconf 84' lang='lat' dir='ltr'><strong>ex</strong></span> <span class='ocrx_word' id='word_1_268' title='bbox 591 3311 719 3381; x_wconf 80' lang='lat' dir='ltr'><strong>epistolis</strong></span> <span class='ocrx_word' id='word_1_269' title='bbox 736 3309 859 3375; x_wconf 91' lang='lat' dir='ltr'><strong>Philippi</strong></span> <span class='ocrx_word' id='word_1_270' title='bbox 876 3307 1032 3359; x_wconf 88' lang='lat' dir='ltr'><strong>Pandullini</strong></span> <span class='ocrx_word' id='word_1_271' title='bbox 1050 3309 1078 3356; x_wconf 86' lang='lat' dir='ltr'><strong>et</strong></span> <span class='ocrx_word' id='word_1_272' title='bbox 1094 3305 1174 3356; x_wconf 79' lang='lat' dir='ltr'><strong>Pauli</strong></span> <span class='ocrx_word' id='word_1_273' title='bbox 1190 3307 1288 3369; x_wconf 88' lang='lat' dir='ltr'><strong>Melae,</strong></span> 
     </span>
     <span class='ocr_line' id='line_1_30' title="bbox 148 3397 1288 3470; baseline -0.005 -16"><span class='ocrx_word' id='word_1_274' title='bbox 148 3421 219 3470; x_wconf 86' lang='lat' dir='ltr'><strong>quse</strong></span> <span class='ocrx_word' id='word_1_275' title='bbox 237 3405 416 3458; x_wconf 85' lang='lat' dir='ltr'><strong>Theocritum</strong></span> <span class='ocrx_word' id='word_1_276' title='bbox 437 3406 619 3468; x_wconf 83' lang='lat' dir='ltr'><strong>comitantur,</strong></span> <span class='ocrx_word' id='word_1_277' title='bbox 645 3410 673 3455; x_wconf 87' lang='lat' dir='ltr'><strong>et</strong></span> <span class='ocrx_word' id='word_1_278' title='bbox 696 3403 785 3468; x_wconf 88' lang='lat' dir='ltr'><strong>ipsius</strong></span> <span class='ocrx_word' id='word_1_279' title='bbox 809 3399 923 3460; x_wconf 85' lang='lat' dir='ltr'><strong>Bonini,</strong></span> <span class='ocrx_word' id='word_1_280' title='bbox 950 3412 1019 3464; x_wconf 83' lang='lat' dir='ltr'><strong>quae</strong></span> <span class='ocrx_word' id='word_1_281' title='bbox 1043 3397 1201 3448; x_wconf 86' lang='lat' dir='ltr'><strong>Hesiodum.</strong></span> <span class='ocrx_word' id='word_1_282' title='bbox 1246 3397 1288 3448; x_wconf 80' lang='lat' dir='ltr'><strong>Ex</strong></span> 
     </span>
     <span class='ocr_line' id='line_1_31' title="bbox 147 3478 1287 3563; baseline -0.007 -17"><span class='ocrx_word' id='word_1_283' title='bbox 147 3497 233 3562; x_wconf 82' lang='lat' dir='ltr'><strong>prims</strong></span> <span class='ocrx_word' id='word_1_284' title='bbox 261 3511 427 3563; x_wconf 82' lang='lat' dir='ltr'><strong>excerpam,</strong></span> <span class='ocrx_word' id='word_1_285' title='bbox 457 3511 528 3560; x_wconf 85' lang='lat' dir='ltr'><strong>quae</strong></span> <span class='ocrx_word' id='word_1_286' title='bbox 551 3497 717 3561; x_wconf 77' lang='lat' dir='ltr'><strong>gravissima</strong></span> <span class='ocrx_word' id='word_1_287' title='bbox 741 3496 818 3543; x_wconf 84' lang='lat' dir='ltr'><strong>sunt:</strong></span> <span class='ocrx_word' id='word_1_288' title='bbox 844 3487 880 3539; x_wconf 91' lang='grc' dir='ltr'><strong>Π.</strong></span> <span class='ocrx_word' id='word_1_289' title='bbox 905 3487 1048 3546; x_wconf 77' lang='grc' dir='ltr'><strong><em>Φίλιππος</em></strong></span> <span class='ocrx_word' id='word_1_290' title='bbox 1072 3478 1087 3538; x_wconf 89' lang='grc' dir='ltr'>ὁ</span> <span class='ocrx_word' id='word_1_291' title='bbox 1111 3479 1287 3555; x_wconf 73' lang='grc' dir='ltr'><strong><em>ἀλεξάνδοου</em></strong></span> 
     </span>
     <span class='ocr_line' id='line_1_32' title="bbox 147 3569 1287 3652; baseline -0.007 -16"><span class='ocrx_word' id='word_1_292' title='bbox 147 3585 369 3651; x_wconf 66' lang='grc' dir='ltr'><strong><em>αανδονλφίνοα</em></strong></span> <span class='ocrx_word' id='word_1_293' title='bbox 394 3577 566 3652; x_wconf 64' lang='grc' dir='ltr'><strong><em>εὐφροσύναν</em></strong></span> <span class='ocrx_word' id='word_1_294' title='bbox 592 3581 773 3650; x_wconf 79' lang='grc' dir='ltr'><strong><em>φλωρεντίνφ</em></strong></span> <span class='ocrx_word' id='word_1_295' title='bbox 791 3609 828 3619; x_wconf 91' lang='grc'>-</span> <span class='ocrx_word' id='word_1_296' title='bbox 856 3577 1011 3646; x_wconf 70' lang='grc' dir='ltr'><strong><em>διατρίβων</em></strong></span> <span class='ocrx_word' id='word_1_297' title='bbox 1027 3569 1147 3648; x_wconf 71' lang='grc' dir='ltr'><strong><em>ἔνετίῃσι</em></strong></span> <span class='ocrx_word' id='word_1_298' title='bbox 1164 3575 1211 3630; x_wconf 77' lang='grc' dir='ltr'><strong>καλ</strong></span> <span class='ocrx_word' id='word_1_299' title='bbox 1230 3577 1287 3629; x_wconf 78' lang='grc' dir='ltr'><strong><em>τῶν</em></strong></span> 
     </span>
     <span class='ocr_line' id='line_1_33' title="bbox 147 3665 1287 3743; baseline -0.008 -15"><span class='ocrx_word' id='word_1_300' title='bbox 147 3675 360 3743; x_wconf 61' lang='lat' dir='ltr'><strong>Maesessum</strong></span> <span class='ocrx_word' id='word_1_301' title='bbox 378 3671 420 3735; x_wconf 79' lang='grc' dir='ltr'><strong>εἷς</strong></span> <span class='ocrx_word' id='word_1_302' title='bbox 438 3666 480 3725; x_wconf 77' lang='lat' dir='ltr'><strong>civ</strong></span> <span class='ocrx_word' id='word_1_303' title='bbox 498 3667 662 3740; x_wconf 76' lang='grc' dir='ltr'><strong><em>ἀκροατῶν,</em></strong></span> <span class='ocrx_word' id='word_1_304' title='bbox 687 3665 819 3738; x_wconf 70' lang='grc' dir='ltr'><strong><em>ἐνέτυχον</em></strong></span> <span class='ocrx_word' id='word_1_305' title='bbox 836 3665 1004 3739; x_wconf 71' lang='grc' dir='ltr'><strong><em>ἀντιγράφω</em></strong></span> <span class='ocrx_word' id='word_1_306' title='bbox 1022 3667 1078 3720; x_wconf 76' lang='grc' dir='ltr'><strong><em>τινί</em></strong></span> <span class='ocrx_word' id='word_1_307' title='bbox 1097 3670 1154 3722; x_wconf 79' lang='grc' dir='ltr'><strong>τάν</strong></span> <span class='ocrx_word' id='word_1_308' title='bbox 1171 3669 1287 3736; x_wconf 71' lang='lat' dir='ltr'><strong>decapi-</strong></span> 
     </span>
     <span class='ocr_line' id='line_1_34' title="bbox 146 3753 1287 3832; baseline -0.007 -14"><span class='ocrx_word' id='word_1_309' title='bbox 146 3783 196 3818; x_wconf 89' lang='grc' dir='ltr'><strong><em>τον</em></strong></span> <span class='ocrx_word' id='word_1_310' title='bbox 221 3763 383 3818; x_wconf 75' lang='grc' dir='ltr'><strong><em>είδολλίων.</em></strong></span> <span class='ocrx_word' id='word_1_311' title='bbox 432 3757 486 3816; x_wconf 77' lang='grc' dir='ltr'><strong>ἀπ’</strong></span> <span class='ocrx_word' id='word_1_312' title='bbox 510 3758 599 3816; x_wconf 79' lang='lat' dir='ltr'><strong>sisoi</strong></span> <span class='ocrx_word' id='word_1_313' title='bbox 628 3756 792 3831; x_wconf 80' lang='grc' dir='ltr'><strong><em>μοοοοάρον</em></strong></span> <span class='ocrx_word' id='word_1_314' title='bbox 818 3760 868 3826; x_wconf 83' lang='grc' dir='ltr'><strong>τῆς</strong></span> <span class='ocrx_word' id='word_1_315' title='bbox 896 3753 1033 3828; x_wconf 75' lang='grc' dir='ltr'><strong>ἀκριβοῦς</strong></span> <span class='ocrx_word' id='word_1_316' title='bbox 1055 3753 1287 3832; x_wconf 69' lang='grc' dir='ltr'><strong><em>ἒπιδιορθάσεως</em></strong></span> 
     </span>
     <span class='ocr_line' id='line_1_35' title="bbox 145 3845 1286 3920; baseline -0.007 -12"><span class='ocrx_word' id='word_1_317' title='bbox 145 3851 300 3920; x_wconf 71' lang='grc' dir='ltr'><strong><em>ἀξιωθέντι</em></strong></span> <span class='ocrx_word' id='word_1_318' title='bbox 320 3846 389 3908; x_wconf 76' lang='grc' dir='ltr'><strong><em>καθ’</em></strong></span> <span class='ocrx_word' id='word_1_319' title='bbox 408 3845 444 3905; x_wconf 80' lang='grc' dir='ltr'><strong>ὃν</strong></span> <span class='ocrx_word' id='word_1_320' title='bbox 461 3846 567 3920; x_wconf 76' lang='grc' dir='ltr'><strong><em>χρόνον</em></strong></span> <span class='ocrx_word' id='word_1_321' title='bbox 582 3858 643 3914; x_wconf 77' lang='grc' dir='ltr'><strong>τοῖς</strong></span> <span class='ocrx_word' id='word_1_322' title='bbox 661 3847 690 3904; x_wconf 74' lang='grc' dir='ltr'><strong>ἐν</strong></span> <span class='ocrx_word' id='word_1_323' title='bbox 703 3850 832 3920; x_wconf 80' lang='grc' dir='ltr'><strong>παταβίῳ</strong></span> <span class='ocrx_word' id='word_1_324' title='bbox 847 3851 1013 3917; x_wconf 75' lang='grc' dir='ltr'><strong><em>σχολασταῖς</em></strong></span> <span class='ocrx_word' id='word_1_325' title='bbox 1026 3845 1079 3919; x_wconf 77' lang='grc' dir='ltr'><strong><em>τὴν</em></strong></span> <span class='ocrx_word' id='word_1_326' title='bbox 1093 3850 1286 3916; x_wconf 79' lang='grc' dir='ltr'><strong><em>ουοακονοίαν</em></strong></span> 
     </span>
     <span class='ocr_line' id='line_1_36' title="bbox 145 3933 1285 4014; baseline -0.008 -15"><span class='ocrx_word' id='word_1_327' title='bbox 145 3946 257 4014; x_wconf 78' lang='grc' dir='ltr'><strong><em>μοῦσαν</em></strong></span> <span class='ocrx_word' id='word_1_328' title='bbox 276 3937 467 4013; x_wconf 69' lang='grc' dir='ltr'><strong><em>φιλοφρόνως</em></strong></span> <span class='ocrx_word' id='word_1_329' title='bbox 484 3937 683 4012; x_wconf 78' lang='grc' dir='ltr'><strong><em>άναγνωρίζων</em></strong></span> <span class='ocrx_word' id='word_1_330' title='bbox 700 3939 729 3994; x_wconf 70' lang='grc' dir='ltr'><strong>τὲ</strong></span> <span class='ocrx_word' id='word_1_331' title='bbox 745 3939 792 3993; x_wconf 79' lang='grc' dir='ltr'><strong>καὶ</strong></span> <span class='ocrx_word' id='word_1_332' title='bbox 811 3939 979 4009; x_wconf 79' lang='grc' dir='ltr'><strong><em>ξεναγωγτόν</em></strong></span> <span class='ocrx_word' id='word_1_333' title='bbox 998 3935 1032 3994; x_wconf 77' lang='grc' dir='ltr'><strong>οὔ</strong></span> <span class='ocrx_word' id='word_1_334' title='bbox 1050 3935 1142 4009; x_wconf 86' lang='grc' dir='ltr'><strong><em>μόνον</em></strong></span> <span class='ocrx_word' id='word_1_335' title='bbox 1159 3933 1285 4007; x_wconf 71' lang='grc' dir='ltr'><strong><em>ἐπηνώρ-</em></strong></span> 
     </span>
     <span class='ocr_line' id='line_1_37' title="bbox 147 4022 1287 4102; baseline -0.007 -14"><span class='ocrx_word' id='word_1_336' title='bbox 147 4033 205 4088; x_wconf 69' lang='grc' dir='ltr'><strong>θοα</strong></span> <span class='ocrx_word' id='word_1_337' title='bbox 223 4029 258 4088; x_wconf 89' lang='grc' dir='ltr'><strong><em>τά</em></strong></span> <span class='ocrx_word' id='word_1_338' title='bbox 276 4033 347 4099; x_wconf 68' lang='lat' dir='ltr'><strong>nstv</strong></span> <span class='ocrx_word' id='word_1_339' title='bbox 367 4028 584 4102; x_wconf 72' lang='grc' dir='ltr'><strong><em>ίντνκωθέντα,</em></strong></span> <span class='ocrx_word' id='word_1_340' title='bbox 602 4039 663 4096; x_wconf 75' lang='grc' dir='ltr'><strong>τοῖς</strong></span> <span class='ocrx_word' id='word_1_341' title='bbox 681 4027 740 4086; x_wconf 76' lang='grc' dir='ltr'><strong>ἐκεῖ</strong></span> <span class='ocrx_word' id='word_1_342' title='bbox 755 4027 898 4100; x_wconf 74' lang='grc' dir='ltr'><strong><em>σφάλμασι</em></strong></span> <span class='ocrx_word' id='word_1_343' title='bbox 915 4033 1029 4098; x_wconf 84' lang='grc' dir='ltr'><strong><em>μορίοις</em></strong></span> <span class='ocrx_word' id='word_1_344' title='bbox 1048 4022 1114 4084; x_wconf 80' lang='lat' dir='ltr'><strong>odat</strong></span> <span class='ocrx_word' id='word_1_345' title='bbox 1128 4029 1176 4082; x_wconf 82' lang='grc' dir='ltr'><strong>καὶ</strong></span> <span class='ocrx_word' id='word_1_346' title='bbox 1188 4023 1287 4082; x_wconf 75' lang='grc' dir='ltr'><strong><em>δυσιά-</em></strong></span> 
     </span>
     <span class='ocr_line' id='line_1_38' title="bbox 147 4113 1287 4193; baseline -0.008 -15"><span class='ocrx_word' id='word_1_347' title='bbox 147 4143 204 4187; x_wconf 85' lang='grc' dir='ltr'><strong>τοις</strong></span> <span class='ocrx_word' id='word_1_348' title='bbox 221 4119 311 4193; x_wconf 79' lang='grc' dir='ltr'><strong><em>ὁμόσε</em></strong></span> <span class='ocrx_word' id='word_1_349' title='bbox 332 4124 451 4192; x_wconf 74' lang='grc' dir='ltr'><strong><em>χαράν,</em></strong></span> <span class='ocrx_word' id='word_1_350' title='bbox 470 4116 539 4176; x_wconf 78' lang='grc' dir='ltr'><strong>ἀλλά</strong></span> <span class='ocrx_word' id='word_1_351' title='bbox 555 4125 607 4176; x_wconf 87' lang='grc' dir='ltr'><strong>καί</strong></span> <span class='ocrx_word' id='word_1_352' title='bbox 629 4121 681 4177; x_wconf 88' lang='grc' dir='ltr'><strong><em>τιν’</em></strong></span> <span class='ocrx_word' id='word_1_353' title='bbox 706 4117 775 4176; x_wconf 76' lang='grc' dir='ltr'><strong><em>ἀλλα</em></strong></span> <span class='ocrx_word' id='word_1_354' title='bbox 793 4123 828 4191; x_wconf 75' lang='grc' dir='ltr'><strong>τῇ</strong></span> <span class='ocrx_word' id='word_1_355' title='bbox 847 4119 899 4190; x_wconf 62' lang='grc' dir='ltr'><strong><em>μὲν</em></strong></span> <span class='ocrx_word' id='word_1_356' title='bbox 921 4116 1092 4190; x_wconf 78' lang='grc' dir='ltr'><strong><em>τοιημάτια,</em></strong></span> <span class='ocrx_word' id='word_1_357' title='bbox 1117 4119 1152 4188; x_wconf 84' lang='grc' dir='ltr'><strong>τῇ</strong></span> <span class='ocrx_word' id='word_1_358' title='bbox 1177 4113 1206 4171; x_wconf 78' lang='grc' dir='ltr'><strong>δ’</strong></span> <span class='ocrx_word' id='word_1_359' title='bbox 1227 4113 1287 4170; x_wconf 75' lang='grc' dir='ltr'><strong>ἐπι-</strong></span> 
     </span>
     <span class='ocr_line' id='line_1_39' title="bbox 147 4203 1286 4284; baseline -0.009 -15"><span class='ocrx_word' id='word_1_360' title='bbox 147 4211 296 4284; x_wconf 69' lang='grc' dir='ltr'><strong>γράμματα</strong></span> <span class='ocrx_word' id='word_1_361' title='bbox 314 4215 473 4280; x_wconf 72' lang='grc' dir='ltr'><strong><em>θεοκςίνοα</em></strong></span> <span class='ocrx_word' id='word_1_362' title='bbox 491 4213 592 4266; x_wconf 61' lang='lat' dir='ltr'><strong>naues</strong></span> <span class='ocrx_word' id='word_1_363' title='bbox 606 4209 693 4282; x_wconf 74' lang='lat' dir='ltr'><strong>pessel</strong></span> <span class='ocrx_word' id='word_1_364' title='bbox 710 4215 833 4281; x_wconf 73' lang='grc' dir='ltr'><strong><em>χαρίτων</em></strong></span> <span class='ocrx_word' id='word_1_365' title='bbox 852 4209 899 4264; x_wconf 82' lang='grc' dir='ltr'><strong>καλ</strong></span> <span class='ocrx_word' id='word_1_366' title='bbox 916 4213 974 4264; x_wconf 80' lang='grc' dir='ltr'><strong><em>τῶν</em></strong></span> <span class='ocrx_word' id='word_1_367' title='bbox 987 4203 1171 4275; x_wconf 72' lang='grc' dir='ltr'><strong>ἰοπλοκάμων</strong></span> <span class='ocrx_word' id='word_1_368' title='bbox 1183 4207 1286 4274; x_wconf 74' lang='grc' dir='ltr'><strong><em>ἔκγονα</em></strong></span> 
     </span>
     <span class='ocr_line' id='line_1_40' title="bbox 147 4291 1289 4374; baseline -0.01 -16"><span class='ocrx_word' id='word_1_369' title='bbox 147 4307 261 4374; x_wconf 73' lang='lat' dir='ltr'><strong>peveris</strong></span> <span class='ocrx_word' id='word_1_370' title='bbox 286 4303 418 4373; x_wconf 75' lang='grc' dir='ltr'><strong><em>προῆγεν</em></strong></span> <span class='ocrx_word' id='word_1_371' title='bbox 440 4300 482 4363; x_wconf 80' lang='grc' dir='ltr'><strong>είς</strong></span> <span class='ocrx_word' id='word_1_372' title='bbox 506 4303 577 4371; x_wconf 78' lang='grc' dir='ltr'><strong>φάς.</strong></span> <span class='ocrx_word' id='word_1_373' title='bbox 623 4297 833 4371; x_wconf 76' lang='grc' dir='ltr'><strong>ἀναλεξάμενος</strong></span> <span class='ocrx_word' id='word_1_374' title='bbox 857 4295 907 4354; x_wconf 77' lang='grc' dir='ltr'><strong>ἐπί</strong></span> <span class='ocrx_word' id='word_1_375' title='bbox 930 4319 1010 4360; x_wconf 84' lang='grc' dir='ltr'><strong><em>τινος</em></strong></span> <span class='ocrx_word' id='word_1_376' title='bbox 1033 4291 1223 4366; x_wconf 73' lang='grc' dir='ltr'><strong>ἀρχαιοτάτου</strong></span> <span class='ocrx_word' id='word_1_377' title='bbox 1247 4297 1289 4366; x_wconf 78' lang='grc' dir='ltr'><strong>βι-</strong></span> 
     </span>
    </p>
   </div>
   <div class='ocr_carea' id='block_1_5' title="bbox 53 4380 1287 4466">
    <p class='ocr_par' dir='ltr' id='par_1_6' title="bbox 53 4380 1287 4466">
     <span class='ocr_line' id='line_1_41' title="bbox 53 4380 1287 4466; baseline -0.007 -17"><span class='ocrx_word' id='word_1_378' title='bbox 53 4381 62 4408; x_wconf 76' lang='lat'>⁸</span> <span class='ocrx_word' id='word_1_379' title='bbox 147 4395 236 4466; x_wconf 74' lang='grc' dir='ltr'><strong><em>βλίοο,</em></strong></span> <span class='ocrx_word' id='word_1_380' title='bbox 257 4391 291 4450; x_wconf 83' lang='grc' dir='ltr'><strong>τὸ</strong></span> <span class='ocrx_word' id='word_1_381' title='bbox 311 4389 343 4448; x_wconf 77' lang='grc' dir='ltr'><strong>δ’</strong></span> <span class='ocrx_word' id='word_1_382' title='bbox 365 4387 525 4447; x_wconf 74' lang='grc' dir='ltr'><strong><em>ἐλάνθανεν</em></strong></span> <span class='ocrx_word' id='word_1_383' title='bbox 543 4389 739 4459; x_wconf 74' lang='grc' dir='ltr'><strong><em>ἀποκείμενον</em></strong></span> <span class='ocrx_word' id='word_1_384' title='bbox 756 4388 834 4459; x_wconf 72' lang='grc' dir='ltr'><strong>παρὰ</strong></span> <span class='ocrx_word' id='word_1_385' title='bbox 848 4387 953 4461; x_wconf 74' lang='grc' dir='ltr'><strong><em>Παύλῳ</em></strong></span> <span class='ocrx_word' id='word_1_386' title='bbox 969 4393 1009 4460; x_wconf 79' lang='grc' dir='ltr'><strong>τῷ</strong></span> <span class='ocrx_word' id='word_1_387' title='bbox 1026 4380 1198 4456; x_wconf 79' lang='grc' dir='ltr'><strong><em>βουκεφάλᾳ.</em></strong></span> <span class='ocrx_word' id='word_1_388' title='bbox 1225 4383 1287 4440; x_wconf 80' lang='grc' dir='ltr'><strong><em>τότε</em></strong></span> 
     </span>
    </p>
   </div>
   <div class='ocr_carea' id='block_1_6' title="bbox 143 4472 1290 4560">
    <p class='ocr_par' dir='ltr' id='par_1_7' title="bbox 143 4472 1290 4560">
     <span class='ocr_line' id='line_1_42' title="bbox 143 4472 1290 4560; baseline -0.012 -17"><span class='ocrx_word' id='word_1_389' title='bbox 143 4485 191 4560; x_wconf 79' lang='grc' dir='ltr'><strong><em>μίν</em></strong></span> <span class='ocrx_word' id='word_1_390' title='bbox 216 4482 336 4556; x_wconf 65' lang='grc' dir='ltr'><em>εὐφυεῖ</em></span> <span class='ocrx_word' id='word_1_391' title='bbox 354 4485 496 4556; x_wconf 74' lang='grc' dir='ltr'><strong><em>νεανίσκῳ</em></strong></span> <span class='ocrx_word' id='word_1_392' title='bbox 521 4486 580 4538; x_wconf 76' lang='grc' dir='ltr'><strong><em>τῶν</em></strong></span> <span class='ocrx_word' id='word_1_393' title='bbox 601 4475 634 4538; x_wconf 81' lang='grc' dir='ltr'><strong>εὖ</strong></span> <span class='ocrx_word' id='word_1_394' title='bbox 654 4477 825 4552; x_wconf 80' lang='grc' dir='ltr'><strong><em>γεγονότων.</em></strong></span> <span class='ocrx_word' id='word_1_395' title='bbox 862 4483 917 4534; x_wconf 78' lang='grc' dir='ltr'><strong>νῦν</strong></span> <span class='ocrx_word' id='word_1_396' title='bbox 939 4474 968 4533; x_wconf 75' lang='grc' dir='ltr'><strong>δ’</strong></span> <span class='ocrx_word' id='word_1_397' title='bbox 994 4472 1079 4542; x_wconf 79' lang='grc' dir='ltr'><strong><em>ἀνδρὶ</em></strong></span> <span class='ocrx_word' id='word_1_398' title='bbox 1100 4479 1220 4549; x_wconf 80' lang='grc' dir='ltr'><strong><em>γενναίῳ</em></strong></span> <span class='ocrx_word' id='word_1_399' title='bbox 1241 4475 1290 4532; x_wconf 82' lang='grc' dir='ltr'><strong>καλ</strong></span> 
     </span>
    </p>
   </div>
   <div class='ocr_carea' id='block_1_7' title="bbox 0 0 1489 5060">
    <p class='ocr_par' dir='ltr' id='par_1_8' title="bbox 0 0 1489 5060">
     <span class='ocr_line' id='line_1_43' title="bbox 0 0 1489 5060; baseline 0 0"><span class='ocrx_word' id='word_1_400' title='bbox 0 0 1489 5060; x_wconf 95' lang='lat' dir='ltr'><strong> </strong></span> 
     </span>
    </p>
   </div>
  </div>
 </body>
</html>
