2946 5046
220 367 304 452 xcii
595 433 600 441 -
689 405 899 455 anserino.

306 576 332 665 l)
356 579 523 642 zenodotus
545 599 565 642 a
584 577 768 644 Fritzscbio
784 577 973 643 dubitanter
988 579 1072 644 inter
1086 578 1255 644 Theocriti
1276 577 1366 644 scho-

220 676 334 742 liastae
368 689 637 762 commemoratus
664 687 772 744 estet
798 689 931 766 propter
952 681 1253 767 interpretationem
1276 681 1366 744 vocis
1456 675 1457 688 ¹

219 774 321 855 νάκος
347 783 381 844 in
408 781 476 846 sch.
503 781 550 846 Id.
580 797 618 865 v,
648 783 677 842 2.
707 778 839 846 allatam
868 789 901 845 et
928 785 1064 868 propter'
1087 781 1181 845 Phor.
1212 783 1290 858 270,
1313 784 1364 845 li.
1457 830 1458 870 ,

221 877 410 966 Ζηνόδοτος
432 877 469 946 dt
487 875 549 965 τήν
568 877 687 965 Ἵνγγα
700 871 757 946 ὑπ’
781 879 882 946 ἐνίων
899 885 1043 948 Μίνθνν
1059 881 1238 965 λέγεσθαι,
1253 888 1366 965 bimo-
1457 871 1458 936 l

219 982 299 1065 τέρα
320 981 382 1068 μὲν
407 970 515 1048 οὖσαν
537 983 705 1064 Πειθοῦς,
730 983 844 1048 Ναΐδα
861 979 898 1049 dl
920 979 1075 1068 νύμφην,
1099 1005 1183 1070 quae
1203 984 1244 1048 ad
1259 983 1310 1047 ld.
1328 1001 1365 1063 11,
1456 983 1458 1074 l

224 1089 269 1151 17,
302 1086 418 1150 referri
448 1109 546 1171 posse
578 1086 758 1167 existimat3
793 1085 948 1194 intelligit
979 1095 1087 1150 autem
1118 1086 1364 1172 grammaticum
1457 1087 1458 1096 ’

219 1186 362 1272 Ephesio
396 1187 498 1250 multo
527 1188 753 1252 recentiorem.
797 1187 843 1250 At
864 1189 985 1251 rectius
1015 1185 1223 1252 Duentzcrus
1242 1186 1364 1262 Zenod.

218 1311 250 1374 p.
280 1292 331 1352 31.
359 1290 659 1376 interpretationem
689 1289 781 1353 vocis
809 1283 912 1363 νάκος
940 1311 982 1353 ex
1013 1287 1141 1353 Glossis
1171 1288 1364 1369 Homericis,

217 1391 262 1454 M.
286 1389 484 1454 Schmidtius
508 1389 642 1477 Didym.
663 1411 694 1475 p.
711 1393 762 1454 72.
785 1389 893 1454 Photii
916 1388 1022 1455 locum
1046 1411 1088 1452 ex
1111 1389 1273 1476 Epitomis
1296 1413 1363 1475 my-

217 1491 313 1558 tbicis
336 1513 487 1556 manasse
504 1491 748 1577 judicaverunt.
1170 1474 1174 1486 ’

303 1595 336 1681 4)
363 1593 503 1658 Codices
530 1591 654 1660 scholia
675 1594 857 1658 vetustiora
879 1595 1082 1658 continentes
1105 1595 1139 1658 in
1163 1594 1243 1658 duas
1263 1593 1361 1679 potis·
1458 1589 1459 1605 ¹

219 1697 335 1760 simum
352 1699 491 1773 familias
513 1695 703 1760 discedunt:

302 1803 328 1861 I.
372 1796 532 1860 Familiae
564 1797 682 1884 prioris
714 1803 790 1860 sunt
815 1795 945 1860 codices
969 1797 1003 1860 lr.
1033 1803 1062 1860 4.
1091 1801 1120 1859 5.
1147 1797 1187 1860 L.
1211 1797 1248 1860 Z.
1278 1797 1360 1861 Can.

217 1900 324 1966 Gen.'’·
355 1898 464 1981 Vulc'.,
488 1898 605 1963 deinde
627 1897 662 1961 P.
686 1899 719 1976 in
739 1918 777 1962 ea
799 1907 907 1984 parte,
930 1913 1014 1985 quae
1037 1897 1162 1963 scholia
1185 1901 1362 1962 vetustiora

215 2011 306 2067 tenet
336 2002 380 2088 (h.
404 2023 447 2083 a,
480 2001 609 2087 siquid
633 1999 935 2080 vide0,in·altera
964 2001 1047 2064 serie
1076 2000 1289 2092 scholiorum,
1318 2001 1360 2064 cl.

217 2107 248 2185 §-
269 2109 298 2169 3.
317 2101 357 2168 de
373 2103 433 2168 hoo
454 2101 592 2188 codice).
638 2099 705 2165 Nee
727 2101 834 2164 minus
857 2102 971 2166 eodem
994 2095 1136 2202 pertinet
1158 2101 1263 2166 codex
1282 2125 1316 2190 p.
1330 2103 1362 2166 in

217 2204 266 2268 Id.
286 2221 356 2268 xiv.
382 2220 437 2266 xv.
450 2252 459 2286 ,
483 2225 567 2290 quae
588 2201 705 2289 idyllia
730 2204 763 2266 in
792 2225 830 2268 eo
856 2201 940 2268 libro
963 2205 1062 2267 etiem
1089 2204 1123 2266 in
1153 2211 1269 2290 potitae
1292 2226 1361 2268 ver-

214 2307 267 2372 bis
289 2305 388 2369 aliurn
417 2304 575 2368 familiam
601 2313 781 2391 sequuntur
803 2314 901 2392 atque
924 2303 973 2367 ld.
998 2321 1021 2367 1.
1045 2322 1086 2369 111
1095 2321 1220 2368 -x111.
1265 2303 1360 2371 Codi-

215 2429 284 2472 cem
308 2408 359 2483 k.,
384 2406 425 2471 de
449 2406 573 2492 quoad
596 2405 698 2470 solum
723 2405 772 2469 Id.
798 2423 843 2470 tv.
875 2415 1019 2489 constat,
1042 2406 1118 2470 buic
1142 2405 1287 2470 familiae
1306 2407 1361 2470 ad·

216 2509 349 2594 scripsi,
390 2530 575 2594 quanquam
610 2531 629 2572 a
660 2506 794 2594 reliquis
826 2510 957 2593 saepius
991 2517 1023 2572 et
1055 2509 1192 2593 gravius
1225 2508 1361 2574 discedit

215 2631 312 2697 quam
334 2609 367 2672 hi
389 2608 474 2672 inter
496 2631 541 2673 se.
585 2610 741 2672 Attamen
763 2610 864 2674 multo
883 2611 1015 2697 propius
1036 2610 1077 2674 ab
1095 2610 1134 2674 iis
1153 2610 1248 2674 abest
1265 2631 1359 2696 quam

214 2711 386 2800 utriquee
414 2709 539 2774 familia
565 2709 724 2785 secunda,
752 2719 788 2774 ut
815 2712 933 2796 prioris
957 2713 1097 2798 optimus
1122 2711 1229 2776 codex
1251 2713 1360 2776 existi·

216 2815 298 2877 mari
320 2814 434 2900 possit.
1006 2877 1011 2888 ,

299 2914 345 2979 ΙΙ.
384 2912 543 2977 Familiae
566 2919 689 2978 alterius
714 2923 790 2978 sunt
813 2937 842 3000 p.
868 2917 895 2979 3.
922 2925 969 2996 et,
996 2925 1158 3002 quatenus
1182 2916 1360 2979 vetustiora

137 3090 143 3100 1
214 3012 352 3097 habeut,
383 3019 434 3080 23.
464 3013 509 3079 M.
534 3014 609 3080 Bar.
636 3023 668 3078 et
696 3014 764 3080 lere
794 3017 898 3082 (tenr-
940 3017 993 3080 llx
1020 3017 1188 3082 codicibus
1218 3041 1250 3104 p.
1272 3028 1304 3080 et
1331 3019 1358 3080 3.

216 3117 285 3182 sola
313 3117 430 3205 idyllia
457 3132 676 3180 1.111-x111.
705 3118 767 3181 huc
788 3121 969 3205 pertinent,
998 3141 1096 3214 quiam
1124 3123 1154 3182 3.
1179 3139 1245 3184 non
1268 3118 1359 3206 plura

214 3219 346 3286 scholiis
378 3221 535 3294 instructa
571 3217 703 3294 babeat,
736 3242 768 3304 p.
798 3235 877 3285 vero‘
905 3223 938 3285 in
971 3220 1021 3285 Id.
1043 3238 1115 3285 xlv.
1138 3237 1197 3283 xv.
1228 3219 1358 3307 (quibus

214 3320 292 3388 eolis
311 3329 442 3408 praeter
459 3320 517 3384 illa
535 3319 659 3385 scholia
676 3321 790 3384 addita
807 3323 898 3408 sunt)
916 3324 1053 3410 priorem
1071 3321 1229 3386 familiam
1247 3343 1357 3410 sequn-

214 3435 275 3489 tur.
309 3423 377 3489 Nee
395 3425 501 3487 minus
524 3423 558 3486 in
575 3421 619 3484 M.
637 3420 761 3486 scholia
775 3423 956 3489 vetustiora
972 3424 1014 3489 cd
1029 3423 1079 3488 Id.
1099 3441 1135 3487 11.
1156 3439 1355 3487 xiv—xuni.

214 3526 327 3610 (ctiam
356 3525 410 3589 hic
433 3523 517 3588 liber
540 3521 589 3586 ld.
620 3539 655 3585 11.
685 3533 757 3609 post
787 3523 835 3590 ld.
864 3541 938 3588 xm.
965 3526 1079 3613 habet)
1109 3525 1217 3614 potius
1241 3526 1356 3613 prioris

214 3627 356 3690 l'amiliae
377 3633 468 3707 sunt,
493 3628 678 3712 quanquam
702 3625 788 3690 haud
812 3648 918 3712 pauca
941 3627 1122 3712 singularia
1141 3627 1274 3694 habent.

297 3727 325 3790 E
347 3725 484 3813 reliquis
503 3725 692 3810 codicibus,
716 3727 751 3789 in
773 3728 893 3812 quibus
914 3729 1038 3794 scholia
1059 3730 1240 3794 vetustiora
1262 3739 1294 3794 ct
1311 3751 1355 3793 re-

212 3829 358 3894 centiora
377 3831 481 3894 mixta
504 3835 595 3908 siunt,
616 3829 649 3892 in
675 3826 740 3892 illis
762 3828 801 3897 E.
825 3839 858 3894 et
882 3828 922 3910 Q.
947 3831 1034 3895 inter
1052 3831 1196 3895 familias
1218 3832 1354 3918 priorem

212 3942 244 3997 et
267 3932 403 3996 alteram
428 3931 543 3994 incerti
571 3927 722 4014 haerent,
756 3953 862 4018 neque
892 3932 932 3997 de
961 3930 1113 4019 reliquis,
1142 3955 1226 4020 quue
1255 3953 1356 4020 pauca

83 4025 86 4032 ⁴
133 4095 136 4104 .
213 4027 373 4123 quaedam
398 4032 576 4098 vetustiora
598 4041 787 4115 servarunt,
812 4035 893 4098 satis
908 4041 1059 4128 apparet.

296 4135 510 4200 Familiarum
535 4133 667 4198 illarum
698 4133 873 4200 discrimen
900 4137 1042 4200 maxime
1070 4137 1164 4201 cerni
1189 4144 1298 4224 potest
1324 4137 1355 4200 in

211 4239 358 4324 longiore
387 4236 510 4301 scholio
535 4257 567 4321 p.
593 4240 666 4316 147,
690 4239 755 4318 Ἃ,
783 4239 877 4324 cujus
900 4235 1003 4304 altera
1032 4237 1176 4302 redactio
1205 4245 1296 4302 extat
1324 4237 1355 4300 in

211 4347 241 4406 4.
261 4345 291 4404 5.
317 4339 355 4402 Ε.
379 4339 416 4402 P.
441 4337 482 4417 Q.
506 4336 542 4400 Z.
567 4335 647 4400 Oen.
671 4337 778 4402 Gen.¹‘·
801 4338 911 4421 Vulc,
935 4337 1039 4403 altera
1061 4339 1143 4425 inp.
1163 4341 1193 4404 3.
1213 4339 1257 4402 M.
1281 4339 1352 4402 Bar.

210 4443 331 4519 Gen.··‚
357 4439 579 4522 Calliergiana
601 4446 773 4525 utramque
796 4439 962 4504 miscente.
1009 4439 1179 4505 Secundae
1202 4461 1281 4506 vero
1311 4439 1353 4503 la·
