2948 5050
565 275 716 324 scnoffll
738 274 783 320 ET
803 273 970 322 GLOSSAE.

705 429 764 493 Vs.
782 432 832 494 30.

285 571 356 632 ἰίεο.
376 560 594 644 Ἐκνυζᾶτο
617 557 702 630 τοτ’
721 565 832 646 ἰσχία
853 558 1004 646 ῥύγχος
1025 567 1192 646 ἔχουσαι
1214 552 1333 644 ἡκόωυ

203 662 370 752 δηλονότι.

276 777 336 834 λἐἰ.
362 762 597 848 Ἐκνυζᾶτοε
629 771 740 834 έσαινε
763 765 819 832 καὶ
837 759 1071 832 κατεθῶττευε·
1096 754 1282 847 κνυζηθμός
1303 757 1335 826 ll

169 881 186 930 5
205 870 335 954 λέγεται
356 862 376 954 ἡ
398 871 465 935 τῶν
486 870 601 935 κυνῶν
620 861 747 954 ύσημος
768 861 950 953 ύλακήμ-
972 860 1106 950 (Ἰσχία
1130 862 1264 932 ποτὶ
1246 859 1335 981 ρύγ-

202 995 288 1058 χονε
319 972 441 1056 Gen.)
471 965 509 1036 τό
530 966 635 1057 στόμα
662 973 786 1054 ἔχουσα
808 963 979 1054 ἅναμέσον
1007 969 1073 1032 τῶν
1096 971 1214 1051 ἰσχίων
1233 956 1337 1048 αύτης
1413 1004 1416 1010 .

203 1067 306 1155 (οὕτω
321 1067 402 1198 γὰρ
431 1073 612 1190 κοιμῶνται
644 1073 679 1137 οἰ
705 1067 815 1148 κύνες.
849 1073 888 1136 L.
910 1073 1016 1138 (ἰατο-
1052 1073 1193 1155 ἰσχίον
1216 1065 1282 1133 ὲστί
1307 1059 1339 1129 τό

203 1168 270 1241 ύττό
293 1169 354 1260 τὴν
375 1167 488 1258 ὀσφύν
512 1165 703 1256 ὀστοῦν,
684 1198 702 1238 ο
729 1172 785 1240 καὶ
806 1166 948 1258 γλουτός
974 1175 1123 1238 καλεῖται
1146 1169 1203 1236 καί
1225 1165 1340 1250 κοτύλη

204 1269 293 1360 παρὰ
314 1269 375 1360 τὴν
390 1270 576 1360 κοιλότητα.
600 1277 722 1361 Gen.¹³·)
737 1316 779 1325 —
797 1269 920 1360 ’ἰσχία
940 1271 976 1340 δὲ
999 1267 1039 1338 τύ
1061 1265 1130 1339 ύιτό
1153 1265 1216 1357 τὴν
1237 1263 1342 1354 ὀσφύν

156 1385 187 1439 10
205 1378 237 1457 ἐξ
253 1376 418 1463 ἑκατέρων
435 1377 502 1442 τῶν
514 1378 628 1462 μερῶν
644 1371 742 1459 ὀστᾶ,
766 1377 803 1442 ἐν
818 1369 868 1454 ολς
882 1380 1026 1462 ἔγκειται
1044 1368 1082 1440 τό
1103 1367 1199 1456 ἱερόν
1213 1365 1340 1438 όστούν.

205 1483 317 1564 έχουσι
339 1475 375 1544 δέ
393 1471 586 1544 τὰτοιαῦτα
605 1470 687 1544 ὀστᾶ
708 1473 749 1544 τὰ
762 1475 927 1564 λεγόμενα
951 1479 1057 1561 ἰσχία,
1081 1469 1279 1559 κοιλότητάς
1297 1496 1342 1536 τι-

205 1605 282 1664 νας,
312 1583 359 1658 εἰς
385 1571 425 1657 ἃς
455 1581 491 1644 αἰ
510 1578 653 1664 κεφαλαὶ
680 1581 748 1645 τῶν
768 1581 885 1666 μηρῶν
906 1571 1115 1666 ἁρμόζονται.
1161 1572 1255 1642 αἰδὲ
1277 1597 1343 1640 κοι-

207 1681 341 1768 λότητες
369 1669 467 1748 αύται
495 1680 550 1748 καὶ
571 1675 698 1766 γλουτά
724 1681 896 1768 λέγονται,
924 1679 980 1746 καλ
1005 1675 1145 1746 κοτύλαι
1170 1669 1263 1760 παρὰ
1288 1669 1343 1758 τὴν

207 1780 393 1869 κοιλότητα.
429 1777 466 1849 τό
490 1779 526 1848 δὲ
548 1779 699 1868 ῥύγχος
722 1783 989 1868 καταχρηστικῶς
1009 1779 1063 1846 εἰτλ
1083 1782 1141 1866 τῆς
1162 1771 1268 1854 κυνὸς
1284 1777 1343 1842 νύν

158 1895 188 1947 15
207 1883 352 1970 λέγεται·
376 1888 500 1970 κυρίως
514 1879 578 1970 γὰρ
593 1883 646 1950 ἐπὶ
662 1877 802 1971 ὀρνέων.
818 1926 859 1934 -
881 1878 945 1970 (T6
967 1879 1004 1949 δέ
1027 1879 1181 1968 ῥύγχος
1202 1881 1271 1946 τῶν
1288 1871 1343 1960 ὀρ-

206 1986 309 2068 νέων,
339 1987 605 2072 καταχρηστικῶς
634 1982 670 2051 δὲ
693 1984 746 2050 ἐπὶ
772 1987 829 2071 τῆς
851 1981 963 2062 κυνός.
1008 1984 1139 2068 λέγεται
1165 1980 1201 2049 δὲ
1225 1981 1289 2047 νῦν
1309 1973 1343 2044 τό

207 2083 329 2172 ῥύγχος
351 2082 389 2154 τὸ
411 2081 518 2174 ἄκρον
538 2089 595 2172 τῆς
616 2085 709 2172 ῥινὸς
731 2087 792 2152 τού
812 2083 925 2164 κυνός.
958 2088 1014 2171 L.)

292 2195 364 2255 Rec.
388 2184 526 2267 Ἄλλως.
544 2179 610 2268 Ῥἰς
627 2189 757 2273 λέγεται
774 2187 827 2256 ἐπὶ
842 2183 1053 2273 ἀνθρώπων,
1076 2185 1199 2272 ῥύγχος
1216 2183 1270 2251 lul
1285 2208 1342 2250 κυ-

207 2291 293 2374 νῶν,
316 2286 449 2377 ῥάμφος
469 2289 522 2356 ἐπὶ
543 2283 682 2377 ὀρνέων.

155 2507 190 2560 20
673 2477 729 2542 VS.
753 2481 803 2542 31.
828 2480 878 2542 32.

290 2617 362 2677 Rec.
386 2615 549 2697 Πεμψεῐ
565 2606 758 2698 ἄγγελονε
780 2608 923 2698 μηνύειν
937 2610 1006 2677 ἐστὶ
1022 2606 1060 2677 τό
1074 2609 1260 2679 κλέπτοντά
1274 2633 1340 2676 τινα

206 2708 377 2779 δεικνύειν
403 2704 424 2798 ἢ
454 2709 627 2798 φεύγοντα
652 2706 674 2800 ἦ
700 2709 834 2780 τοιοῦτό
856 2739 887 2779 τι
912 2715 1093 2780 ποιοῦντα·
1127 2713 1182 2778 καί
1202 2705 1341 2798 μηνυτὴς

206 2811 259 2878 έιτί
287 2808 427 2882 τούτων.
470 2812 614 2900 μηνύειν
642 2814 697 2882 καὶ
724 2811 761 2882 τό
789 2818 965 2901 σημαίνειν
992 2807 1106 2892 ύττλῶς
1131 2814 1187 2882 καὶ
1211 2814 1339 2900 δηλοῦν,

206 2907 280 2980 οἷον
300 2907 343 2998 ,,ὁ
363 2917 421 3001 τῆς
436 2912 587 3002 κορῶνης
608 2911 762 3004 κρωγμός
780 2918 925 3003 χειμῶνα
942 2913 1099 3002 μηνύει.“
1138 2911 1288 3003 ἀγγέλλει
1308 2913 1342 2980 δέ

154 3142 188 3194 25
270 3122 316 3203 29)
340 3115 458 3204 Ἠρέμα.
484 3128 526 3186 Μ.
543 3127 628 3226 Lips.
667 3115 815 3202 σιωττηλός
839 3125 900 3186 ἔσο.
920 3127 952 3188 C.
989 3115 1084 3205 ἠρέμα
1103 3123 1154 3186 καί
1178 3115 1247 3203 μετῶ
1263 3126 1340 3203 σιγης

204 3199 328 3310 βαΰζον
349 3205 500 3273 ἐπιτάττοι.
524 3213 560 3271 Ρ.
589 3204 683 3290 ἠρέμα
700 3207 830 3356 έπέταξα.
855 3213 927 3274 Bar.
948 3211 1043 3272 Laud.
1059 3242 1103 3258 -κ
1132 3211 1263 3291 [Κυνίι]
1284 3208 1339 3269 λιττ-

205 3288 307 3356 τύττω.
332 3298 418 3394 Lips.

239 3382 319 3480 30)
337 3371 543 3453 Ἐκαυακίζετο
558 3379 725 3460 κοιμωμὲνη
741 3372 760 3457 ι)
776 3375 866 3443 κύων.
889 3391 916 3445 4.
936 3383 973 3444 E.
989 3383 1026 3442 L.
1037 3372 1185 3488 ησρχως
1197 3369 1341 3455 ύλόκτιιη

207 3460 298 3527 κύων.
317 3469 357 3528 Μ.
385 3464 529 3566 ἐκοιμᾶτο.
551 3470 641 3528 Ρ.-
657 3464 815 3528 Μέσον
776 3489 834 3528 τῶν
849 3467 961 3527 σκελῶν
975 3457 1066 3543 αότης
1081 3457 1137 3544 τῶν
1151 3466 1340 3564 ῥιναέχρυσα.

153 3563 189 3618 30
207 3553 242 3611 Ε
273 3541 352 3648 πρός
367 3543 403 3612 τό
422 3551 500 3630 ἰσχία
522 3553 575 3628 τῆς
591 3553 759 3624 Γαλατείας
782 3548 912 3632 PLips.
944 3551 1081 3632 ῥογχαλίζ
1080 3568 1165 3613 ουσα.
1185 3554 1217 3612 Ρ.
1245 3544 1343 3631 ῥύγχος

206 3635 266 3694 τῶν
279 3627 410 3713 ἰχθύαν,
434 3634 605 3716 ῥάμφος
564 3660 623 3698 των
639 3627 758 3717 ὀρνέων.
779 3639 815 3698 L.

239 3795 540 3868 )ls⁴L1psq‘n6on¹.
586 3803 758 3884 4)slGen.·b
793 3805 868 3872 vulg.
892 3798 1340 3886 GllsGonul.ubi6v6las'aovl01.

203 3887 312 3925 οωιτειε
322 3873 411 3923 verbu
420 3877 484 3924 ante
494 3868 666 3938 κνυζηθμος
681 3876 757 3929 Haec
794 3871 833 3942 ἔχ.
845 3891 904 3926 une
917 3891 1015 3936 αυτης
1051 3874 1080 3941 0)
1095 3891 1126 3926 το
1137 3875 1209 3926 κοιλ
1221 3875 1280 3929 eod.
1315 3874 1340 3933 0)

203 3949 269 3995 ante
289 3940 402 4004 Reisk„
429 3944 475 4008 qui
498 3943 600 4009 primus
626 3933 725 4005 ἐκνυζ
693 3944 759 4005 ζατο
793 3943 880 4026 [long.
893 3944 980 3997 Gen.¹
976 3944 1104 4011 wbhips„
1118 3944 1342 4026 ιιίοῐηγοᾱτετλιε

204 4015 302 4065 lemma
318 4026 377 4062 esse
391 4011 462 4062 v1d1t
470 4013 667 4078 μετοοοροηιι
681 4015 760 4066 ucho
795 4005 874 4072 εἰς“
852 4029 889 4071 ας
904 4009 938 4064 αἰ
952 4029 1015 4079 κειγ.
1037 4029 1061 4068 τ,
1079 4029 1108 4079 μ,
1129 4006 1324 4079 ἁρμόζονται
1318 4029 1341 4062 m

204 4084 242 4135 lio
259 4080 457 4145 adhaerebant,
480 4083 563 4133 eliam
583 4084 657 4149 apud
672 4084 757 4135 Phav.
796 4081 896 4136 Gen.¹³·
922 4084 1097 4150 prsecedenti
1119 4085 1227 4136 scholio
1249 4083 1342 4136 adhue

204 4169 265 4206 τ..τ
283 4143 429 4230 έκνυζᾶτο,
450 4153 498 4202 ubl
516 4151 593 4203 deest
613 4147 756 4218 δηλονότι.
793 4159 864 4207 renl.
921 4153 964 4220 18)
974 4153 1107 4218 slGen
1127 4155 1218 4236 Lips.
1233 4169 1291 4204 ειτιο
1305 4151 1343 4200 λε

203 4223 231 4288 4)
247 4212 450 4303 κνυζηθμρς..
458 4213 573 4287 ,lauari
598 4223 681 4324 vulgo
697 4227 760 4289 post
792 4237 879 4288 γεται.
931 4223 973 4290 10)
991 4213 1038 4272 έττλ
1054 4220 1112 4272 τῶν
1135 4217 1249 4286 ὀρνέων
1261 4225 1340 4274 Gen!-

203 4283 681 4372 ἰσχίωναότήςίορουιοτῆυῦευ.)
683 4299 758 4358 ηυντ
792 4291 1339 4371 21))1οετι.1τίρο.-ττεμηειοοτ.

202 4353 371 4444 ἁρμόζονται
391 4360 437 4414 lin.
460 4365 507 4426 12,
539 4363 610 4412 unde
634 4369 758 4427 ττιοτμο-
790 4363 876 4413 οου.··
931 4361 976 4427 24)
994 4353 1271 4440 κραγμόςθοοέ-
1296 4360 1337 4426 28)

201 4431 309 4481 τοί.-
274 4426 375 4494 -δὲ]
391 4429 481 4482 Gens»
489 4447 566 4497 γαρ
579 4431 683 4496 Ρίτιτ
704 4447 756 4482 om.
789 4445 865 4496 κοιμ.
879 4435 971 4484 ουτ..4
1007 4430 1052 4496 30)
1068 4446 1102 4480 τα
1092 4425 1195 4498 ἰσχια
1207 4433 1300 4484 οωΡ
