2946 5046
241 397 352 446 LXXIV
710 397 921 449 resumpto.

243 589 371 651 eorum,
386 589 521 655 quornm
540 567 668 655 judicio
687 569 860 658 plurimum
884 569 1073 650 tribuimus,
1096 591 1268 634 assensum
1296 570 1394 634 lature

240 691 313 734 esse
342 691 526 757 speramus3
558 670 599 736 de
629 669 704 735 aliis
734 671 972 738 dubitationem
999 671 1069 740 fore
1096 693 1162 736 non
1192 672 1393 737 mirabimur.

240 771 295 837 Ex
316 771 417 836 variis
436 781 549 836 autem
570 774 788 860 corruptionis
805 775 1001 860 generibus,
1023 773 1142 861 quibus
1162 774 1290 838 scholia
1306 783 1391 837 vetu-

241 875 341 946 stiore
363 881 505 956 scatent,
527 873 670 938 maxime
689 874 772 940 illud
795 873 940 942 notabile
961 883 1029 958 est,
1048 875 1136 962 quod
1153 874 1282 941 lacunis
1299 875 1390 940 libre·

240 975 357 1040 riornm
380 973 583 1060 negligentia
604 977 690 1040 natis
711 979 907 1042 continetur.
953 975 1059 1064 Cujus
1079 977 1344 1064 exemplsqnnm
1359 979 1387 1040 in

240 1075 292 1140 his
308 1074 441 1141 scholiis
461 1078 541 1142 satis
562 1077 748 1165 frequentia
764 1079 845 1162 sint,
864 1079 960 1166 modo
976 1078 1145 1143 meliorum
1167 1079 1318 1144 codicum
1332 1101 1387 1165 ope

240 1177 362 1242 omissa
383 1178 534 1266 supplere
556 1181 707 1265 contigit,
730 1180 827 1246 modo
849 1178 986 1246 aliorum
1001 1181 1167 1246 nostrisve
1183 1180 1385 1246 divinationi-

239 1278 301 1343 bus
322 1281 371 1344 uti
393 1281 580 1365 oportebat3
604 1301 702 1368 saepe
721 1304 800 1347 vero
823 1283 857 1346 in
878 1282 995 1347 lacuna
1012 1281 1229 1367 significanda
1243 1285 1383 1369 acquies-
1441 1327 1442 1346 t

239 1367 377 1445 centlum
401 1391 481 1447 eret.
527 1381 752 1468 Nequecnim
775 1405 849 1448 roro
870 1393 1074 1450 vetustorum
1098 1381 1292 1449 scholiorum
1318 1383 1383 1448 sola

239 1480 347 1547 lacera
368 1477 570 1548 membra'et
592 1484 732 1550 frustula
753 1495 938 1574 supersunt.
1441 1555 1442 1562 χ

241 1614 255 1629 ··
323 1583 357 1672 8)
389 1589 534 1651 Numeros
555 1607 709 1651 versuum
732 1586 854 1675 ubique
883 1589 977 1674 posui
1002 1587 1170 1672 vulgatos,
1193 1607 1258 1652 non
1282 1607 1377 1668 meos,

239 1687 318 1772 quia
347 1685 542 1752 scholiorum
571 1686 645 1752 libri
673 1690 778 1774 inagis
804 1711 877 1753 cum
901 1688 967 1754 illis
990 1690 1189 1776 conspirant.
1232 1689 1282 1754 De
1300 1696 1380 1768 stylis
1441 1725 1442 1772 ;

240 1785 414 1872 librorum,
445 1775 566 1876 quibus¹
595 1793 646 1856 usi
675 1813 803 1869 sumus,
836 1789 912 1856 vide
940 1795 969 1873 ξ.
996 1800 1023 1858 1.
1048 1799 1080 1855 et
1100 1793 1132 1872 ξ.
1159 1796 1207 1874 3.,
1239 1790 1317 1855 adde
1337 1791 1376 1854 de
1441 1827 1442 1830 =

239 1891 406 1956 asteriscis
429 1891 603 1978 aliquoties
625 1892 780 1982 praefixis
804 1897 835 1975 ξ.
861 1897 896 1975 7,
920 1897 951 1958 3.
1001 1893 1054 1958 De
1076 1891 1172 1957 lineis
1195 1892 1311 1958 scholia
1329 1913 1375 1956 ae·

238 1992 429 2075 parantibus
454 2015 553 2082 supra
575 1993 697 2059 dictum
716 2017 766 2060 nr.
791 1999 821 2060 3.
846 2002 878 2060 et
895 1995 1023 2060 'ibidem
1046 1995 1086 2060 de
1109 1995 1194 2081 siglo
1209 2001 1237 2073 sl
1250 1997 1282 2060 in
1302 1993 1373 2058 Ver.

239 2089 338 2156 Lente·
352 2105 518 2182 usurpato.
548 2094 689 2182 Reliqua
707 2097 803 2183 signa
819 2095 1040 2183 explicatione
1054 2098 1186 2184 egentis
1198 2095 1275 2161 haec
1291 2105 1373 2160 sunt:

236 2189 239 2194 ’
324 2197 337 2280 (
361 2195 374 2280 )
399 2197 547 2262 indicant
568 2197 693 2262 scholia
716 2209 748 2262 et
767 2198 871 2263 verba
890 2200 1108 2285 circumsepta
1123 2219 1144 2261 a
1160 2197 1242 2263 Call.
1256 2199 1369 2262 abesse.

325 2293 336 2384 [
357 2295 368 2386 ]
398 2298 545 2363 indicant
567 2299 669 2364 verbu
690 2301 939 2389 circumscripte
960 2301 1082 2364 rectius
1103 2299 1229 2364 abesse.

322 2399 378 2482 <>
399 2398 588 2485 significant
608 2401 711 2467 verba
733 2403 803 2466 sine
823 2401 915 2466 libris
938 2401 1063 2468 addita.

324 2499 391 2539 *⁸*
412 2501 568 2566 indicium
592 2502 742 2568 lacunae.

324 2647 437 2664 .....
472 2604 505 2666 in
526 2603 604 2669 Var.
621 2604 713 2670 Lect.
730 2606 784 2672 vel
801 2611 835 2672 in
850 2605 937 2672 Adn.
958 2605 1123 2692 signifieat
1145 2604 1368 2682 verbannus,
1442 2657 1443 2676 ,

237 2723 373 2788 quorum
399 2700 469 2767 loco
486 2703 543 2768 ille
559 2721 679 2790 puncta
694 2709 801 2794 posita
817 2715 909 2791 sunt,
931 2709 965 2771 in
989 2707 1072 2772 libro
1096 2729 1161 2773 non
1184 2707 1277 2771 aliter
1294 2706 1367 2789 legi3

236 2812 350 2867 contra
363 2803 492 2890 signum
506 2843 548 2854 —
563 2807 684 2873 ibidem
701 2832 761 2897 pro
777 2809 973 2896 quibusdam
991 2817 1101 2874 textus
1116 2809 1227 2874 verbis
1246 2810 1277 2872 in
1289 2807 1367 2871 scho

236 2902 289 2968 liis
319 2904 584 2973 interlinearibns
617 2910 740 2976 codicis
773 2911 864 3000 Lips.
894 2913 1036 2998 positum
1064 2911 1189 2976 indicat
1216 2931 1254 2975 ea
1280 2907 1367 2973 verba

236 3006 362 3071 abesse.

323 3159 747 3231 Hannoveraed.u111.
770 3165 930 3232 Decernb.
954 3159 1223 3230 nstucccavnr.

982 3409 1276 3486 unsarans.
