2980 5048
234 394 311 443 xx11
734 391 944 442 palarmo.

235 567 307 652 57),
331 585 429 651 quam
450 571 559 628 uotam
577 563 705 628 Gallius
724 563 777 628 vel
798 563 995 628 Duebnerus
1009 563 1199 649 aliquoties
1221 557 1383 623 transscri-

234 675 384 756 pserunt,
407 663 481 729 aliis
503 665 663 730 Demetrii
686 665 836 732 Triclinii
856 689 982 732 nomen.
1024 666 1121 730 Ante
1146 661 1200 726 Id.
1225 677 1248 724 1.
1270 659 1384 724 scholia

235 767 397 834 Manuelis
419 767 622 854 Moschopuli
645 777 677 832 et
690 768 851 832 Demetrii
867 767 1015 832 Triclinii
1036 765 1200 832 exhiberi
1222 763 1384 842 dicuntur3

234 863 488 954 Μοσχοπούλου
509 865 624 951 σχόλια
656 881 825 957 praeterea
857 869 980 956 idylliis
1009 887 1044 932 11.
1079 885 1131 932 vt.
1160 881 1224 928 vn.
1256 875 1289 930 et
1317 879 1383 926 van.

236 973 427 1060 praefixum.
474 970 514 1036 In
536 972 643 1036 omnia
665 994 765 1058 prope
779 971 940 1036 vocabula
955 973 1087 1058 glossae
1108 977 1297 1032 cernuntur
1309 967 1386 1029 inter

233 1095 349 1139 versus
369 1073 492 1160 pictae,
520 1095 657 1160 quarum
680 1073 802 1159 duplex
824 1075 924 1138 series
947 1082 1013 1156 est,
1039 1072 1173 1136 alterae
1197 1069 1288 1133 nude
1309 1068 1385 1154 posi-

234 1186 303 1259 tae,
330 1175 452 1239 alterae
474 1195 577 1261 parva
598 1197 693 1239 curce
715 1175 906 1260 insignitae,
929 1187 1013 1261 quae
1034 1174 1217 1238 distinctio
1238 1171 1272 1235 iu
1295 1169 1384 1234 editis

234 1277 393 1362 neglecta.
440 1275 685 1362 Prologomenis
714 1285 747 1340 et
768 1276 940 1363 hypothesi
962 1277 1005 1340 ad
1028 1277 1078 1341 Id.
1108 1291 1131 1341 1.
1158 1273 1270 1338 codex
1291 1283 1383 1345 caret,

233 1378 328 1463 eujus
358 1379 499 1465 primum
526 1377 640 1443 folium
667 1377 812 1442 ablatum
834 1401 905 1444 esse
933 1379 1075 1444 videtur.
1126 1377 1251 1441 Insunt
1282 1383 1381 1436 autem

233 1481 429 1566 hypotheses
452 1480 494 1544 ad
515 1496 698 1544 11-xvm.
721 1503 826 1568 neque
849 1480 986 1563 scholia,
1007 1481 1162 1568 exceptis
1190 1475 1381 1564 quibusdam

231 1581 442 1646 Tricliniauis
471 1591 503 1646 ct
522 1581 763 1647 commentariis
789 1583 831 1647 ad
853 1583 1040 1668 Syringem,
1073 1582 1118 1648 ad
1153 1581 1224 1646 alia
1245 1579 1379 1643 carmina

231 1689 360 1771 praeter
386 1683 523 1748 Theocr.
548 1700 714 1748 l-xvnl.
737 1687 995 1772 conspiciuntur,
1026 1705 1223 1772 quanquam
1248 1696 1330 1744 xvn.
1352 1693 1378 1740 et

232 1801 331 1849 xvm.
354 1785 464 1850 media
486 1793 562 1849 sunt
590 1787 674 1850 inter
696 1785 762 1850 alia
784 1786 915 1874 idyllia3
945 1786 1032 1850 unde
1060 1805 1231 1874 apparere
1257 1782 1378 1847 videtur

231 1887 416 1974 antiquiora
429 1885 552 1952 scholia
570 1907 721 1951 manasse
742 1909 759 1950 e
780 1887 862 1952 libro
877 1887 927 1953 Id.
945 1905 1110 1964 1‚--xvlss.
1130 1885 1375 1972 complectente.

231 1987 359 2054 Glossis
380 1987 464 2053 liber
486 1995 576 2052 caret
600 1988 643 2052 ad
662 1987 731 2052 Ine.
751 2006 783 2054 v.
806 1989 1087 2074 [Theocr.xx111.]
1111 1999 1165 2070 et,
1183 1997 1222 2052 ut
1242 1985 1374 2060 videtur,

230 2090 272 2153 ad
294 2089 362 2154 Ine.
378 2106 423 2152 vl.
445 2089 553 2174 [Bion.
570 2091 654 2173 xv.].
678 2128 717 2137 —
739 2090 869 2155 Scholia
892 2089 989 2176 hujus
1013 2091 1136 2156 codicis
1156 2091 1235 2176 jam
1253 2087 1374 2150 Sancta·

230 2191 367 2278 §andus
398 2191 594 2272 contulerat,
631 2192 716 2256 inter
745 2193 839 2280 cujus
870 2194 980 2279 copias
1013 2199 1095 2257 teste
1126 2193 1240 2257 Coxio
1269 2193 1373 2253 estam

230 2293 399 2376 „Glossae
427 2301 460 2357 et
488 2291 618 2357 Scholia
646 2315 688 2356 ex
710 2293 780 2358 cod.
806 2293 885 2377 Reg.
917 2293 1020 2359 Paris.
1044 2295 1083 2358 R.
1106 2298 1172 2375 3.“,
1204 2313 1270 2380 quo
1297 2287 1372 2374 siglo

229 2395 283 2459 hic
315 2395 386 2483 ipse
419 2393 503 2460 liber
535 2393 701 2478 designari
731 2395 872 2460 videtur.
925 2395 1109 2461 Collatioue
1142 2387 1370 2460 Sanctamandi
1460 2415 1461 2491 ,

230 2493 427 2562 Gaisfordus
446 2497 613 2561 rarissime
632 2517 710 2560 usus
733 2505 800 2580 est,
823 2496 924 2582 vulgo
945 2497 1113 2561 Bastiana.
1160 2497 1300 2563 Glossas
1321 2489 1368 2552 ali·

121 2639 125 2646 ·
223 2605 307 2686 quot
328 2597 363 2661 in
391 2597 590 2663 editionibus
613 2597 766 2662 Gailiana
792 2605 824 2661 ct
846 2597 1081 2664 Duebneriana
1099 2599 1291 2684 neglectas,
1310 2613 1367 2656 ma-

228 2700 316 2764 xime
336 2699 379 2764 ad
401 2699 496 2764 Bion.
520 2715 542 2762 1.
566 2699 635 2762 luc.
659 2715 679 2762 1.
703 2715 793 2782 vnn,
817 2721 900 2786 quae
924 2701 1069 2766 carmina
1091 2701 1132 2766 ab
1155 2699 1225 2764 illis
1248 2697 1365 2773 absunt,
1439 2777 1443 2787 ι

227 2823 248 2864 a
264 2799 441 2866 Duebnero
463 2802 644 2887 exscriptas
663 2801 779 2868 habeo.
1069 2867 1075 2891 ,

313 2903 367 2984 N.]
404 2901 508 2965 Tenet
531 2895 778 2988 prolegomena,
809 2902 1006 2990 hypotheses
1028 2903 1222 2991 plerasque,
1252 2897 1364 2966 scholia

228 3002 302 3090 (sed
322 3003 536 3090 paucissima,
558 3011 596 3068 ut
616 3004 758 3085 videtur,
775 3013 849 3092 post
864 3005 913 3068 ld.
933 3021 979 3067 xl.
998 3015 1134 3092 excepto
1149 3005 1220 3070 fere
1237 3003 1283 3068 Id.
1302 2999 1365 3084 xv.)

227 3112 260 3170 et
281 3103 400 3168 multas
419 3103 546 3188 glossas
568 3103 796 3170 interlineares
818 3106 860 3171 ad
878 3106 927 3170 ld.
943 3123 1057 3169 1—xr.
1081 3123 1137 3170 xv.
1182 3104 1363 3171 Contulerat

226 3207 313 3272 hune
341 3205 460 3270 librum
484 3208 552 3292 jam
576 3205 794 3271 Ruhnkenius
818 3208 874 3294 (ef.
890 3207 934 3273 tl.
958 3225 968 3270 1
994 3231 1025 3295 p.
1050 3211 1141 3294 xm),
1163 3211 1260 3296 eujus
1282 3205 1362 3270 sche-

227 3309 277 3372 dis
294 3306 533 3373 Valckenarius
555 3309 589 3373 in
612 3309 823 3374 recensendis
840 3310 1085 3396 Prolegomenis
1106 3321 1138 3376 et
1156 3305 1360 3396 Argumentis

225 3433 303 3474 usus
333 3419 398 3493 est,
428 3409 574 3476 indidem
600 3409 760 3496 quaedam
789 3411 929 3478 afferens
957 3414 990 3476 in
1013 3412 1096 3479 libro
1120 3413 1160 3477 de
1183 3414 1359 3478 Adoniaau·

226 3513 282 3575 sis.
327 3513 438 3576 Pauca
458 3535 499 3576 ex
522 3511 634 3577 eodem
658 3511 748 3576 fonte
773 3513 970 3579 Gaisfordus
989 3513 1108 3578 lrausit.
1154 3515 1303 3580 Ceterum
1324 3510 1357 3575 da

225 3611 337 3676 codice
352 3613 594 3679 Ruhnkeniano
617 3612 741 3699 aliquid
764 3613 978 3680 dubitationis
1002 3615 1079 3680 inde
1100 3617 1261 3700 nascitur,
1284 3609 1358 3704 quod

224 3713 258 3775 in
281 3731 319 3776 eo
340 3711 532 3800 hypothesis
547 3713 590 3780 ad
607 3714 657 3779 Id.
676 3731 747 3778 xlv.
760 3713 874 3779 deesse
898 3715 1031 3799 dicitur,
1054 3739 1152 3804 quum
1171 3719 1211 3782 ad
1232 3717 1355 3783 eandem

224 3811 345 3878 codicis
371 3813 411 3876 N.
435 3817 547 3882 variae
569 3816 725 3881 lectiones
755 3830 777 3880 a·
803 3815 913 3882 Gallio
944 3819 1132 3884 afferantur.
1177 3819 1263 3884 Num
1287 3820 1358 3884 sorte
1457 3828 1458 3851 ¹

223 3913 441 3980 Rulrukenius
462 3918 570 4004 potius
593 3919 705 3983 codice
728 3918 765 3982 F.
789 3941 867 3983 usus
891 3927 955 4002 est,
979 3919 1107 4006 quiilli
1130 3920 1313 3987 simillimus
1331 3925 1357 3982 et

223 4039 243 4080 a
262 4013 371 4081 Gailio
395 4039 511 4104 parum
531 4019 708 4102 diligenter
729 4020 913 4084 exeussus?

306 4120 355 4202 R]
379 4118 418 4182 In
439 4117 500 4184 hoc
522 4117 605 4183 libro
628 4129 711 4185 teste
726 4120 904 4188 Duebncro
926 4145 957 4208 p.
974 4141 1007 4187 x.
1027 4123 1149 4210 duplex
1161 4127 1261 4190 series
1277 4125 1356 4192 seho-

222 4221 340 4296 liorum
364 4221 487 4306 excipit
509 4219 641 4306 idyllia,
664 4223 710 4285 ita
727 4231 765 4286 ut
788 4247 819 4286 v.
843 4247 870 4288 c.
892 4224 996 4290 ultimi
1019 4247 1134 4290 vorsus
1156 4227 1309 4290 carminis
1332 4235 1357 4290 ct
1456 4205 1457 4224 Χ

223 4321 257 4384 in
281 4321 387 4387 medio
413 4331 446 4386 et
473 4321 507 4385 iu
537 4320 600 4385 line
621 4330 810 4388 tractentur.
855 4326 935 4392 Post
962 4327 1011 4392 Id.
1035 4343 1095 4390 vn.
1126 4328 1214 4392 nulla
1241 4327 1355 4394 scholia

223 4423 330 4486 inesse
349 4421 517 4504 videntur,
538 4406 596 4486 sed
611 4431 740 4506 praeter
755 4424 884 4508 glossas
900 4427 1125 4494 interlineares
1143 4430 1266 4515 aliquot
1282 4451 1354 4494 mar·
1456 4440 1457 4445 ’
