3020 5080
498 361 924 433 sononu.1n.1v,no-ss
1220 349 1282 414 495

137 503 254 594 Strab,
278 521 334 600 qui
357 521 391 580 in
410 520 475 582 cod.
497 521 576 582 Gen.
600 541 657 597 την
681 525 857 600 invenerat,
880 523 1039 604 proposuit
1047 513 1110 622 τὴν
1130 517 1163 579 ἐν
1181 524 1230 598 Τρ.
1252 518 1284 582 δὲ

36 619 38 636 1
136 565 342 681 scopulipqu
358 604 448 680 φασί,
465 607 507 666 15.
531 608 659 668 Vossius
680 607 849 708 56051511.
869 629 899 688 p
915 615 966 672 247
982 597 1057 666 κατὰ
1075 606 1127 683 τῆς
1142 602 1174 664 ἐν
1191 606 1284 691 Τροίᾳ

136 687 168 750 δὲ
182 690 536 789 στομμλλμνηςπιθανῶς
547 689 598 750 καλ
609 691 697 752 τοῦτο
713 684 772 753 oivo'
772 711 897 772 μυσται,
909 694 1056 754 Heinsius
1072 693 1173 754 Leott.
1188 712 1219 771 p
1231 700 1281 756 321

137 765 210 834 κατὰ
224 796 259 834 το
250 765 310 833 ἐν
334 775 426 856 Τροίᾳ
447 773 478 836 66
493 771 693 854 στομόλιμνον
708 780 848 850 πιθανῶς
863 775 914 838 καλ
932 778 1019 837 τοῦτο
1035 766 1220 874 ὠνόμασται,
1242 775 1281 839 G.

136 861 343 921 Dindorfius'
334 881 365 919 ι5
382 861 532 922 Thesaur.
556 862 670 943 VIIp.
692 873 744 928 869
765 856 840 924 κατὰ
858 885 890 924 το
879 855 937 921 ἐν
938 867 1004 961 ,Τρ
1021 859 1053 922 δὲ
1067 857 1163 963 στόμα
1178 862 1284 961 λίμνης

135 946 277 1017 πιθανῶς
294 941 386 1006 καλτ.
402 939 452 1004 ὠν.
446 987 471 1020 .,
491 955 543 1006 551
562 946 604 1024 (si
622 958 713 1008 antea
732 951 883 1010 scribatur
898 948 984 1006 τοῦτο
1007 930 1080 1007 si
1060 967 1099 1025 ην
1115 940 1148 1006 τὸ
1164 942 1281 1023 Στομά-

134 1031 255 1110 λιμνον)
273 1019 349 1090 κατόι
369 1022 423 1128 τὴν
439 1027 471 1088 ἐν
490 1035 542 1109 Τρ.
562 1028 594 1090 δὲ
615 1033 827 1112 Στομαλίμνην
840 1031 984 1103 πιθανῶς.
998 1029 1049 1092 καλ
1070 1053 1095 1093 τ.
1112 1021 1162 1090 ὧν.
1156 1072 1180 1107 .,
1197 1033 1281 1092 Dus·

134 1115 248 1176 bnarus
265 1105 342 1174 κατό
355 1105 410 1191 τὴν
424 1111 456 1174 ἐν
474 1119 525 1190 Τρ.
540 1117 742 1194 στομαλλμνην
758 1121 866 1197 ejectis
883 1118 985 1178 serbis
1003 1117 1113 1177 τοῦτο.
1155 1109 1281 1194 ..Κρό-

134 1221 231 1276 croso,
250 1209 284 1260 ut
302 1201 441 1260 illarum
459 1193 536 1260 clitro
557 1199 631 1276 φασὶ
647 1205 825 1282 jungantur.
865 1203 951 1264 Idem
970 1204 1103 1284 pergit,
1106 1161 1282 1298 ,virlcndnm

137 1295 241 1346 autem
260 1307 300 1345 an
319 1307 379 1346 non
398 1285 437 1344 ad
455 1277 578 1345 Φύσκον
592 1290 766 1382 pertineant
782 1287 877 1348 verbs
894 1288 1033 1359 πιθανῶς
1055 1283 1087 1346 δὲ
1104 1286 1190 1346 τοῦτο
1207 1273 1282 1346 ὦνό-

136 1387 247 1446 μασται
261 1361 406 1450 <606¹
377 1391 410 1429 το
427 1363 518 1444 φόιιν
532 1368 691 1454 βοτάνας).
724 1376 774 1434 De
789 1374 1015 1452 στομοιλίμνφ“
990 1393 1016 1432 s1
1033 1371 1208 1446 dictasunt,
1228 1392 1281 1433 ox·

138 1456 272 1516 cidcrint
297 1455 445 1516 nonnulla
473 1455 512 1516 sd
535 1458 669 1536 regionis
692 1457 930 1538 descriptionem
950 1459 1179 1537 pertinentia.u
1207 1457 1282 1518 Pro·

136 1541 288 1614 habilius
311 1543 369 1600 nisi
387 1541 493 1616 fallor,
510 1541 636 1602 locnm'
628 1564 658 1602 ru
679 1563 747 1604 cam
762 1545 945 1604 sententiam
962 1543 1080 1604 restitui
1097 1551 1130 1603 ut
1145 1541 1282 1619 στομαλί-

137 1647 199 1702 μνη
217 1628 332 1687 Troica
347 1626 466 1686 dicatur
482 1589 540 1687 6
532 1647 601 1707 ipsa
615 1629 773 1710 appellata
790 1649 858 1690 5555
874 1617 969 1688 διό
938 1648 971 1688 το
988 1627 1096 1705 λίμνην
1112 1620 1219 1688 εἷναιέ
1217 1643 1282 1686 oro

137 1708 323 1789 μωμίνην’
295 1731 337 1782 εις
353 1705 516 1769 θάλασσαν.
1153 1737 1157 1748 ·

200 1847 246 1858 -
271 1814 329 1874 Vs.
357 1821 407 1887 24,
432 1814 497 1874 lin.
523 1825 549 1877 5.
587 1814 703 1875 Vocem
729 1811 842 1893 συνέβη
863 1815 901 1875 ab
919 1816 1048 1876 Heinsio
1070 1814 1205 1876 additam
1220 1835 1282 1876 non

140 1898 233 1959 crsslo
252 1897 330 1957 inlr.
350 1907 474 1972 extare,
493 1919 666 1980 quanquam
683 1899 848 1960 collatione
867 1907 998 1960 tacente.
1033 1900 1163 1961 Videtur
1180 1909 1283 1960 autem

140 1985 233 2044 etiam
250 1998 326 2057 φασι
341 1981 461 2062 abipso
475 1984 650 2044 Pbavorino
669 1984 819 2084 additum,
836 2005 894 2084 pec
911 1987 975 2046 scio
991 2007 1031 2045 an
1046 1976 1177 2062 παρόσον
1191 2005 1280 2042 κατα-

114 2093 118 2098 ’
138 2070 251 2146 καῆναι
270 2067 379 2128 eodem
396 2088 488 2128 sensu
508 2068 621 2128 dictum
644 2090 702 2149 quo
719 2063 800 2148 παρὰ
819 2059 853 2129 τὸ
870 2070 1056 2146 κατακαῆναι
1074 2071 1198 2131 tolerari
1212 2090 1283 2150 pos·

138 2156 189 2214 sit.
231 2153 352 2213 Eadem
379 2155 563 2214 constructio
588 2155 681 2233 vulgo
706 2155 866 2234 legebatur
886 2155 1020 2217 SchVet.
1041 2177 1071 2235 p.
1087 2165 1138 2228 54,
1154 2165 1186 2218 21
1208 2145 1280 2228 παρ’

139 2233 243 2298 ὅσον.
265 2227 511 2334 ..missenus
529 2239 581 2298 ubi
597 2240 763 2300 secundum
781 2241 901 2301 codices
920 2239 1002 2301 edidi
1014 2239 1189 2318 πυροῦτται.
1220 2239 1282 2298 Ns·

141 2345 203 2404 que
219 2325 319 2384 minus
336 2311 414 2400 παρό
432 2343 499 2383 cnm
519 2323 691 2384 rufinrtrvo
677 2335 817 2402 junctum
833 2326 948 2404 legitur
966 2347 995 2405 p.
1011 2335 1077 2398 344,
1098 2330 1140 2384 12.

204 2424 428 2499 vs.us,1in
449 2435 490 2486 15.
522 2425 666 2500 Eadem
685 2427 820 2507 rnlrap
842 2436 909 2501 165,
935 2436 961 2488 3.
989 2425 1027 2486 de
1043 2423 1173 2508 μελιτεία
1191 2433 1221 2484 51
1244 2423 1283 2484 ds

141 2510 265 2580 saulem,
286 2518 319 2568 ut
334 2471 387 2568 bic
403 2471 614 2586 γλυυκίζόυσα,
629 2511 754 2592 infrap.
777 2522 843 2589 165,
860 2523 885 2574 5
907 2508 1099 2611 μλυκίζουσα;
1116 2485 1283 2588 dequibus

140 2604 279 2657 statuant
301 2593 464 2654 botanicse
475 2596 613 2739 [peritifl
634 2597 783 2657 Dusbn.
822 2594 966 2655 Μιλίτεια
990 2597 1081 2656 etiam
1107 2595 1139 2654 in
1167 2592 1282 2654 Scholl.
1361 2643 1366 2662 ,

139 2681 187 2743 Id.
202 2681 242 2752 V,
262 2689 312 2743 136
333 2678 445 2739 dicitur
461 2673 538 2751 εἶδος
552 2673 683 2758 βοτάνης
702 2673 918 2759 γλυκαζοόσης,
941 2681 1032 2762 quam
1046 2679 1134 2740 verbi
1156 2679 1284 2738 formam

140 2768 274 2827 fortasse
295 2766 443 2844 atiamp.
474 2773 538 2840 166,
565 2777 590 2828 5
617 2768 780 2827 restituere
805 2764 972 2843 debebam,
998 2786 1068 2829 nam
1086 2763 1262 2845 γλυκίζειν
1254 2785 1285 2824 ru

140 2854 233 2912 unico
250 2850 408 2929 exemplo,
426 2849 507 2930 quod
518 2850 696 2912 Thesaurus
714 2849 1284 2940 55651551115155511155,551651-

141 2937 200 2996 cia
217 2935 416 3016 praebere.

207 3071 246 3082 -
266 3037 331 3098 lin.
355 3044 387 3099 17
409 3057 515 3138 seqq.
552 3035 601 3098 cf.
627 3035 762 3098 ScbVet.
787 3038 864 3113 VII,
884 3048 919 3104 68
943 3029 998 3114 τὴν
1018 3031 1149 3110 κόνυζαν
1172 3028 1285 3106 κνόζαν

141 3116 235 3184 εἶπεν.
272 3118 333 3181 ἔστι
351 3117 382 3181 6
401 3142 498 3198 φυτυν
512 3114 741 3198 ψυκτικώτατον
758 3125 819 3182 κτλ.

210 3259 248 3269 -
269 3225 337 3284 lin.
356 3233 400 3287 21.
433 3224 580 3285 Heinsius
599 3225 700 3285 Lecti.
716 3245 745 3304 p.
767 3234 819 3290 321
834 3227 991 3306 proposuit
1005 3221 1152 3300 παρθένοι
1165 3217 1216 3280 καλ
1232 3240 1283 3297 yv—
1354 3209 1357 3224 ¹

142 3313 244 3381 ναῖκες
266 3298 318 3367 τόν
337 3308 405 3386 βίον
426 3305 530 3386 σεμναὶ
544 3298 619 3368 κατὰ
634 3329 690 3384 την
705 3313 767 3368 κτλ.
801 3309 869 3388 Ego
888 3311 992 3382 aliter,
1010 3311 1082 3387 quia
1095 3307 1230 3385 loquitur
1246 3303 1284 3364 de

143 3395 343 3476 oenophoris,
366 3413 445 3474 quae
461 3414 615 3476 nunquam
636 3404 801 3454 nouerant
819 3394 953 3472 virgines
970 3411 1088 3488 eaeque
1109 3389 1284 3464 nobiliores,

143 3481 184 3544 ci.
202 3477 856 3568 Pbilooborumap.Pbot.Suid.Ha1-pocr.
874 3499 899 3536 5.
915 3499 944 3538 r.
965 3467 1152 3553 κανηφόρος,
1170 3472 1223 3531 ubi
1240 3471 1285 3531 di

142 3574 250 3626 cuntur
270 3563 306 3622 αἱ
330 3560 362 3622 ἐν
383 3502 526 3643 όξιιόματι
549 3561 712 3644 παρθένοι,
731 3561 897 3624 Schrist.
920 3561 999 3620 Aah.
1020 3568 1074 3623 242
1098 3555 1134 3616 αλ
1157 3546 1287 3635 εόγενεῖς

141 3648 303 3730 παρθένοι.
337 3649 447 3710 Libros
470 3670 489 3709 a
515 3650 703 3745 canephoris
720 3657 867 3742 portatos
876 3666 945 3708 5555
967 3664 1061 3724 segre
1084 3641 1284 3719 crediderim

143 3734 285 3797 desidero
300 3735 366 3796 iera
381 3725 433 3806 τοῖς
447 3733 591 3838 νομίμους
605 3722 723 3810 θυηλὰς
739 3729 789 3791 καλ
804 3722 882 3811 ἱερά,
904 3750 1079 3814 quanquam
1093 3730 1182 3790 homo
1199 3727 1286 3788 Obri-

142 3822 275 3894 stianus,
298 3840 351 3900 qur
342 3812 520 3879 addidit‘
500 3841 539 3891 ως
553 3811 651 3880 ἐδόκει
667 3821 729 3888 τοῖς
750 3809 925 3894 Ἀθηναίοις
944 3818 1103 3897 vulgatam
1123 3815 1287 3876 lectionem

144 3905 300 3966 invenisse
325 3895 732 3982 51515155.Ι)5ἀπήρχοντο
755 3925 810 3984 pro
827 3897 929 3980 ἐπήρχ.
951 3913 1035 3964 recte
1049 3902 1188 3964 restituto
1204 3901 1287 3960 Tou·

133 4011 211 4136 ,pppp
240 3990 371 4133 pentulit
393 3989 553 4051 SchArist.
578 3989 641 4052 As.
670 3997 738 4054 1568
763 3987 799 4048 αἱ
822 3981 990 4068 κανηφόροι
1016 3977 1159 4047 όπιυῦσαι
1183 3984 1225 4057 εἰς
1252 3975 1288 4043 τό

204 4091 313 4134 υσνια.

208 4179 267 4238 Vs.
288 4185 370 4241 26-
378 4185 427 4249 28,
454 4176 520 4237 lin
544 4186 586 4238 11.
625 4173 1214 4254 Λευκαίνεται15355655ι5555551555
1231 4170 1289 4231 Ja-

144 4261 683 4323 5555155515155555515516551515
699 4270 781 4337 1766,
799 4259 940 4340 38151165
951 4269 1019 4333 166
1034 4259 1088 4336 18),
1100 4259 1185 4318 EtM.
1197 4265 1286 4330 656,1

146 4357 176 4408 51
198 4347 285 4410 said.
306 4347 461 4443 referens3
484 4355 658 4425 corruptqm
680 4339 890 4406 λεπτύνεται
877 4365 943 4423 Jam
958 4343 1098 4406 Schllec.
1122 4365 1151 4424 p.
1172 4351 1238 4415 166,
1261 4348 1288 4402 2.

146 4435 273 4492 invenit.
308 4423 468 4493 Παλυνθ.
478 4429 655 4491 Dindorfius
669 4432 823 4492 Thesaur.
838 4429 929 4528 le.
945 4439 980 4494 92
996 4432 1039 4490 its
1055 4426 1182 4489 defendi
1199 4445 1289 4520 posse

145 4527 247 4600 putat,
273 4527 307 4578 ut
322 4519 361 4578 ab
382 4517 582 4596 grammatico
597 4537 653 4598 pro
670 4518 783 4577 usitato
802 4507 904 4592 πάλην
919 4523 1043 4595 propter
1062 4513 1149 4574 uerbi
1166 4499 1290 4569 παλόνα
