2978 5058
502 397 621 447 mm..
646 397 795 450 x111.vs.
819 397 940 452 ιε-νε.
1230 383 1293 447 359
1379 399 1382 406 ⁴

144 545 300 626 Κυανέας
325 545 389 635 μὲν
415 537 482 617 ῦπό
505 541 716 635 άνθριόπιιν,
749 541 816 618 ῦπό
843 548 880 618 δέ
906 552 999 618 θετόν
1019 547 1159 635 Φόρκου
1186 549 1294 628 πύλας

144 652 348 737 κεκλῆσθαι·
378 653 587 738 Τιμοσθένης
609 651 649 718 δέ
663 669 768 738 φησιν
786 645 853 720 άπὸ
868 653 930 720 τοῦ
944 653 1039 738 ίεροῦ
1057 645 1135 720 ῦσελ
1154 647 1294 718 στάδιον

145 750 229 820 εἶναι
249 755 408 834 υηοίδιον
429 753 657 838 σκοπελῦδες,
690 758 867 822 καλεῖσθαι
889 752 925 821 δὲ
954 747 1012 831 τάς
1038 749 1164 822 τοῦτου
1189 747 1294 838 ἄκρας

145 853 311 932 Κυανέας.
326 895 371 907 -
391 851 722 941 Συνδρομάδωυε
746 851 1000 942 (συνδρομάδας
1018 855 1107 940 λέγει
1124 848 1183 932 τὰς
1196 859 1294 922 Κοα-

145 947 365 1046 υέαςπέτρας
386 959 505 1046 Gen.*)
529 949 584 1023 διά
601 950 640 1024 τό
663 956 858 1043 συντρέχειν
879 952 1039 1043 ἀλλήλαις
1057 954 1112 1024 καὶ
1132 957 1328 1041 συνέρχε-Ξι

145 1065 228 1124 σθαι
250 1056 307 1124 καλ
330 1055 542 1144 συνθραῦειν
566 1053 624 1136 τάς
652 1054 862 1146 διαπεράσας
889 1060 983 1136 ναῦς.
1033 1055 1143 1144 μόνην
1171 1054 1207 1124 δὲ
1233 1051 1294 1143 τὴν

141 1155 249 1245 ’Λργεό
267 1177 352 1244 φασι
365 1165 510 1249 προνοίᾳ
525 1162 583 1246 τῆς
602 1154 746 1247 Ἀθηνᾶς
761 1161 1008 1248 διαβεβηκέναι.
1044 1147 1088 1246 ἦν
1104 1157 1140 1226 δὲ
1158 1183 1295 1243 πεπρω-

144 1262 250 1346 μένον
270 1275 341 1340 ταῖς
362 1258 576 1348 συμπληγάσι
598 1263 752 1349 πέτραις,
782 1253 827 1341 ῦς
848 1266 880 1329 εί
900 1265 1035 1348 διαβαίη
1061 1286 1111 1357 τις
1130 1265 1190 1347 μία
1211 1261 1295 1338 ναῦς

145 1357 249 1441 αῦτάς
272 1359 445 1449 δβλοιβῦς,
478 1363 545 1455 [καὶ
567 1357 626 1440 τάς
651 1357 733 1449 μετὰ
755 1365 860 1430 ταῦτα
880 1365 987 1450 μηδέν
1007 1389 1039 1430 τι
1061 1359 1201 1448 πάσχειν
1223 1365 1295 1430 δει-

146 1462 220 1555 νὸν]
243 1464 278 1545 ἐξ
299 1465 432 1532 ἐκείνου
454 1467 515 1533 τοῦ
535 1461 662 1552 χρόνον
679 1465 816 1551 στῆναι·
841 1460 893 1533 διδ
911 1465 967 1534 καὶ
983 1470 1126 1551 έστησαν
1141 1467 1198 1552 τῆς
1217 1457 1292 1552 Ἀρ-
1312 1475 1346 1529 10

148 1567 229 1652 γοῦς
250 1561 421 1652 διαβάσης.
455 1621 460 1630 .

653 1704 710 1770 vs.
735 1706 786 1768 τι.
1069 1663 1082 1698 ’

240 1845 301 1905 Vel.
335 1832 479 1904 Βαθὺν
508 1831 540 1904 δ’
567 1837 798 1925 ἐσέδραμον
826 1835 977 1906 Φάσινε
1014 1839 1120 1917 Φᾶσις
1146 1833 1295 1925 ποταμός

147 1939 202 2006 ιιαλ
220 1936 318 2018 πόλις
335 1931 513 2026 ὁμώνυμος
529 1938 567 2005 έν
580 1935 739 2025 Κόλχοις,
761 1934 840 2026 παρ’
858 1933 1088 2027 ἢνἝλληνες,
1112 1943 1292 2025 Μιλησίων

144 2036 292 2109 ’ἄποικοι
324 2109 327 2114 ,
1312 2055 1345 2108 15

609 2162 667 2227 Vs.
692 2163 828 2227 25—28.

239 2304 301 2364 Vel.
328 2290 585 2362 Ἀντέλλοντι
606 2293 849 2374 Πελειάδεςε
883 2295 960 2384 περὶ
984 2290 1169 2383 ἀνατολήν,
1196 2301 1290 2383 φησί,

146 2400 212 2466 τῦν
228 2393 426 2465 Πελειάδων
446 2390 589 2484 ἤρξαντο
605 2396 805 2464 στέλλεσθαι
824 2397 884 2466 τὸν
900 2399 1010 2466 πλοῦν
1028 2398 1083 2464 καὶ
1103 2392 1291 2484 άνάγεσθαι

147 2502 181 2566 οί
195 2493 305 2586 ἥρωες
329 2502 375 2577 είς
396 2496 557 2584 Κόλχους.
603 2497 672 2565 ἐστὶ
697 2495 733 2566 δὲ
757 2491 775 2567 ό
797 2495 913 2587 καιρός
933 2495 1121 2587 ἀρχομένου
1144 2502 1205 2568 τοῦ
1228 2500 1291 2568 θέ-

147 2627 245 2686 ρους,
285 2595 338 2667 διὸ
364 2598 420 2668 καὶ
446 2597 590 2688 ἐπήγαγε
622 2603 910 2688 τετραμμένου
945 2610 1102 2688 εἴαρος,
1137 2603 1343 2670 τουτέστιλο

147 2700 317 2789 λήξαντος.
340 2743 382 2754 —
405 2697 544 2780 Ἄλλως.
578 2704 627 2769 Ac
644 2700 843 2789 Πελειάδες,
871 2703 954 2790 φησὶ
977 2708 1204 2790 Καλλίμαχος,
1233 2705 1291 2791 τῆς

146 2808 343 2890 βασιλίσσης
371 2805 438 2870 τῦν
469 2797 658 2890 ’Λμαζόνων
686 2792 775 2890 ἦσαν
805 2806 1008 2894 θυγατέρες,
1044 2811 1081 2874 αἳ
1110 2802 1293 2885 Πελειάδες

209 2997 258 3076 22)
282 2997 448 3058 Μελαινῦν
462 2997 587 3075 ττετριῦν.
603 2997 645 3060 Μ.
667 2986 719 3070 τάς
733 2991 944 3080 συμπληγάδας
959 2997 1066 3079 πέτρας
1080 3001 1182 3079 φησίν.
1200 3003 1236 3062 L.
1253 3003 1291 3064 P.

149 3119 187 3128 -
200 3075 385 3160 Ἐπλησίασε.
402 3085 445 3144 Μ.
461 3119 502 3126 -
519 3075 758 3162 Συμπληγάδων.
774 3085 815 3144 Μ.

208 3167 258 3248 23)
279 3164 339 3314 fiai
360 3161 517 3244 διεξήλασε.
539 3169 574 3228 Ρ,
607 3167 691 3247 διέβη
706 3162 814 3242 ταύτας
835 3165 866 3230 έν
885 3169 921 3254 τῇ
945 3171 1102 3250 ταχυτῆτι,
1123 3160 1144 3248 ἢ
1164 3161 1198 3231 τό
1213 3167 1288 3250 μέγα
1307 3179 1341 3233 25

147 3256 208 3313 λαῖτ
254 3299 261 3314 .
314 3300 322 3317 .

208 3275 256 3419 δέ)
280 3328 414 3410 Αίετός
432 3328 477 3412 ὦς
496 3335 588 3418 μέγα
607 3343 758 3417 laima:
781 3343 887 3419 λαῖτμα
902 3330 935 3400 τό
946 3337 1071 3420 πέλαγος
1085 3329 1149 3416 ἦτδ
1163 3338 1216 3413 τῆς
1229 3343 1287 3397 θα-

146 3419 253 3503 λάσσης
269 3417 388 3496 πλάτος.
408 3426 467 3486 *L
486 3426 546 3486 *P.
574 3415 671 3504 ῦσττερ
686 3423 829 3506 διέρχεται
841 3426 931 3504 κῦμα.
946 3429 988 3487 Μ.
1014 3415 1069 3502 τὴν
1084 3415 1213 3502 μεγάλην
1229 3415 1288 3482 θά-

146 3513 264 3570 λασσαν.
281 3511 323 3571 Μ.
338 3545 380 3555 -
399 3509 446 3569 Αἱ
456 3506 570 3590 πέτραι.
584 3513 627 3572 Μ.
654 3502 690 3570 τόν
704 3507 935 3592 παραθαλάσσια
950 3504 1094 3587 σκῦβαλα.
1109 3530 1135 3567 r.

206 3597 256 3676 25)
276 3585 460 3674 Ἀνριόρειαι.
479 3605 504 3659 6.
534 3584 571 3655 τά
585 3587 662 3678 άιιρα
679 3598 740 3659 τῶν
754 3597 840 3676 ορῦν.
863 3598 901 3676 Q.
924 3585 960 3654 τά
977 3587 1042 3674 ὅρη.
1061 3595 1103 3654 Μ.
1131 3581 1166 3652 τά
1183 3589 1287 3672 έσχοτα
1305 3605 1341 3662 30

145 3677 217 3760 μέρη
233 3681 294 3742 τῶν
308 3672 407 3761 άγρῦν
421 3677 469 3740 καλ
488 3681 549 3742 τῶν
559 3680 678 3743 πεδίων.
697 3685 732 3746 L.
756 3673 792 3744 τά
805 3672 878 3762 πρὸς
891 3685 953 3752 τοῖς
963 3677 1084 3759 τέρμασι
1099 3678 1159 3740 τῶν
1174 3679 1288 3760 χωρίων

146 3756 279 3846 ἐσχατιάς
294 3764 404 3846 έλεγον.
420 3788 445 3828 r.

180 4008 206 4075 1)
218 3999 344 4070 Φόρκου]
356 4005 511 4057 Meinekius
523 4005 558 4055 εδ
567 4005 696 4057 Μεοοιιδ.
733 4004 842 4059 Gen.¹·⁵=
855 4001 915 4066 (εεδ
927 3994 1100 4067 διελθούσης
1110 4004 1208 4067 ow,
1223 3998 1288 4068 έοτη

145 4093 171 4142 p.
187 4078 232 4129 141
244 4069 449 4142 ‚⁶09xouvulg.
502 4074 531 4140 4)
541 4071 697 4194 [γθοιιθὼῃ
731 4073 783 4142 γῆς
796 4089 843 4138 pro
854 4067 974 4154 ἔστησαν
986 4079 1014 4125 et
1025 4069 1162 4152 διαβρίοας
1173 4071 1288 4141 Gen,¹³.),

145 4147 261 4200 illenine
277 4147 413 4198 lemmtte.
461 4144 490 4211 θ)
509 4159 544 4194 κα
578 4137 699 4210 οονδρά-
732 4134 814 4204 ἐξέτι.
829 4157 882 4192 ουν
901 4141 953 4192 τοῦ
971 4158 1030 4208 χρ.,
1051 4132 1093 4205 άφ
1122 4133 1157 4191 οῦ
1171 4135 1187 4207 ἡ
1204 4138 1287 4207 Ἀργδ

146 4232 206 4268 vm
229 4215 326 4270 (δυοῖν
385 4215 413 4281 θ)
440 4207 699 4280 διαπεραιουμένοις
733 4209 827 4277 διέβη.
843 4204 963 4275 ἔστησαν
974 4209 1025 4277 τῆς
1036 4207 1200 4274 συνδρομῆς
1213 4211 1287 4277 vulg.

146 4289 235 4340 Gen.¹·
287 4285 315 4352 7)
328 4283 378 4350 τῆς
389 4281 445 4338 Ἀθ.
461 4301 513 4338 om.
529 4285 621 4338 Gen.»
669 4281 698 4348 8)
736 4283 778 4346 13)
788 4279 938 4348 βῧεοπὼ·
954 4280 1159 4340 ιίοελειοοιιιτε,
1171 4278 1215 4330 hic
1226 4285 1288 4344 ροετ

146 4351 261 4422 πέτραις
282 4358 442 4410 om.Gen.¹·
490 4356 518 4421 8)
542 4350 568 4405 εί
586 4347 699 4404 διέλθοι
733 4351 819 4404 schol.
836 4352 884 4402 Vs.
898 4349 942 4403 39.
990 4347 1033 4412 17)
1049 4345 1205 4412 [meust-¹³¹
1226 4355 1289 4412 post

16 4455 24 4468 ·
147 4429 237 4480 θον·-
296 4425 325 4490 8)
346 4425 408 4493 μία]
436 4426 461 4480 3.
486 4422 598 4488 (δεον,
623 4414 698 4483 ἅπαξ
733 4421 818 4476 schol.
846 4433 935 4484 ρνεεο.
965 4436 988 4470 ο.
1019 4417 1109 4468 λοοιιυ.
1137 4413 1289 4478 Πελειάδες

146 4497 391 4564 vulg.,om.Gen.⁴·
444 4494 473 4560 9)
485 4494 701 4558 circumscripta
734 4479 1095 4553 θεο.ῑ’·,Πλειάδεςῦοια··
1133 4477 1289 4554 ’20)έπάγει

146 4556 699 4632 οω.(ὶεο.··λ’10)έξέιιιίνονιεηη.]δ.
734 4555 966 4626 ελέαροςθοο.ν
1013 4555 1286 4626 21)ss0m.oen.=·b·
