2968 5060
252 365 336 412 1.x1v
717 363 925 412 PRAEFATIO.

252 521 304 584 dis
326 516 477 600 sedulus,
506 518 576 604 ipse
605 517 676 580 eius
705 537 816 581 curam
849 516 1052 580 sustinuerit.
1097 513 1255 579 Carmina
1277 516 1394 580 eadem

251 625 396 690 continet
424 632 458 687 ct
488 621 602 687 codem
633 621 747 686 ordine
775 629 873 707 atque
896 619 1006 710 Steph.
1034 638 1088 700 11.,
1112 623 1176 685 nisi
1204 621 1294 708 quod
1318 633 1394 710 post

251 729 389 794 Theocr.
420 726 535 814 Epigr.
562 749 620 814 pro
652 725 833 813 appendice
866 729 1007 790 accessit
1039 728 1144 792 altera
1175 749 1254 814 pars
1282 727 1392 815 idyllii

251 835 388 902 Theocr.
409 851 529 916 xxnu,
550 833 681 896 interim
704 852 724 894 a
747 829 944 896 casaubono
965 841 1141 918 protracte.
1185 832 1306 900 Versio
1326 835 1393 898 La-

251 946 321 1009 tina
340 965 383 1008 ex
404 942 544 1006 adverso
570 940 676 1025 posita
696 947 756 1001 cst.
787 935 978 1022 Exemplsri
996 959 1076 1004 usus
1098 961 1170 1002 sum
1193 938 1392 1005 Drcsdensi.

334 1050 426 1128 Liba]
453 1050 603 1110 Theoti-iti
621 1047 758 1124 Eitiyllia
778 1055 832 1107 ete.
857 1046 908 1129 (ut
936 1044 970 1106 in
1002 1043 1097 1130 Wit.)
1128 1051 1262 1110 Pindari
1288 1053 1394 1125 Ανμο-

250 1159 382 1217 nautiett.
428 1155 500 1215 Cum
519 1155 701 1229 expositione
720 1157 919 1228 yrommatieo
941 1155 979 1212 tle
998 1170 1050 1214 ore
1072 1154 1232 1217 Michaelis
1252 1158 1398 1217 Λυσανία

250 1269 387 1337 excepto.
411 1267 496 1320 1596.
519 1261 666 1336 impensis
686 1258 790 1320 Iacchi
809 1258 917 1336 Apelli.
939 1254 1113 1343 (Lipsiae).
1134 1293 1178 1306 -
1199 1257 1327 1324 Textus
1348 1282 1393 1325 ex

250 1363 465 1431 vitiosissima
486 1361 567 1426 Wit.
591 1360 743 1425 vitiosius
762 1363 921 1447 repetitus
941 1370 1001 1426 est.

344 1475 430 1548 t'tqn.
453 1471 510 1548 11]
544 1458 599 1530 Τό
630 1460 844 1549 σωζόμενα
871 1475 925 1562 etp.
952 1477 988 1532 ut
1016 1470 1050 1534 in
1078 1470 1176 1557 Vign.
1206 1490 1247 1554 1.‚
1278 1472 1391 1556 (cuius

251 1596 341 1640 mera
361 1583 412 1638 est
429 1574 606 1662 repetitio).
652 1577 745 1652 Apud
763 1577 847 1638 haer.
866 1577 901 1636 E.
932 1580 1057 1660 l'ipnon.
1077 1583 1121 1641 M.
1143 1583 1204 1642 DC.
1227 1581 1278 1642 16.

336 1681 452 1761 *Preal
481 1680 716 1762 Θεοκρίτου
745 1674 953 1744 Είδόλίιυ
987 1682 1026 1759 ἓξ
1053 1680 1119 1746 καὶ
1145 1679 1388 1766 τριάκοντα,

249 1779 561 1870 Ἐκιμρόμματα
584 1784 916 1866 ἐννεακαίδεκα,
938 1785 1115 1864 πέλεκυς
1137 1786 1203 1854 καὶ
1226 1784 1389 1870 πτερό-

250 1916 353 1977 μιον.
376 1899 474 1958 Poris.
490 1915 530 1957 ex
544 1895 858 1973 typoprophio-Steph.
872 1897 1058 1958 Provosteon.
1076 1906 1160 1958 1600.
1175 1907 1202 1956 t.
1228 1899 1281 1956 Ita
1291 1892 1389 1956 Mait-

249 2001 366 2064 tairius
387 1999 476 2064 Anu.
499 1998 644 2086 Typogr.
668 1996 768 2061 indic.
792 2020 823 2084 p.
841 1999 926 2080 282,
950 1999 1004 2062 cui
1027 1999 1088 2062 soli
1106 1997 1203 2063 buius
1227 2000 1385 2066 editionis

249 2107 393 2190 cognitio
419 2105 567 2169 debetur.
620 2103 758 2168 Videtur
794 2113 902 2168 autem
935 2104 1137 2170 Morelianae
1164 2123 1201 2169 11.
1231 2106 1386 2193 repetitio

248 2235 339 2294 esso,
372 2232 471 2298 quum
498 2210 609 2297 Steph.
637 2208 839 2276 Prcvosteau
868 2207 957 2275 Guil.
988 2211 1116 2276 Morelii
1153 2221 1185 2276 ct
1219 2235 1322 2298 gener
1350 2221 1387 2276 et

249 2340 418 2384 successor
440 2317 547 2380 fuerit.

333 2428 440 2486 Comm.
462 2425 519 2501 [1.]
540 2423 779 2501 Θεοκρίτου
805 2422 877 2486 του
900 2426 1201 2503 Συρακουσίου
1223 2418 1358 2488 Eleia

248 2533 314 2591 λια
337 2524 403 2592 καί
422 2518 741 2611 Ἐπιγράμματα.
777 2523 950 2610 Μόσχου
973 2532 1258 2612 Συρακοσίου,
1283 2532 1385 2594 Βίω-

248 2657 318 2708 νος
347 2633 616 2716 Σμυρναίου,
656 2636 844 2716 Σιμμίου
875 2625 1039 2697 Ῥοδίου
1073 2627 1120 2697 τὰ
1154 2629 1381 2718 σωζόμενα.

249 2745 354 2806 θυμία
375 2760 441 2804 cum
463 2745 705 2816 interpretatione
725 2743 843 2804 latino.
887 2743 1041 2804 Accedunt
1062 2745 1155 2805 Notae
1173 2753 1202 2805 et
1222 2745 1382 2810 Emenda-

247 2856 340 2913 tiones·
367 2851 488 2925 Iosephi
512 2847 674 2923 Scaliperi,
702 2848 807 2909 Isaoci
835 2849 1015 2922 Costoboci,
1042 2851 1178 2911 Danielis
1206 2851 1325 2912 Heinsii
1351 2855 1380 2911 in

251 2956 444 3016 Theocritum.
467 2955 503 3012 In
527 2955 690 3030 bibliopolio
714 2955 952 3014 Commeliniono.
979 2955 1041 3014 01]
1058 2955 1097 3014 to
1115 2957 1201 3018 CIII.
1224 2965 1252 3017 S.
1278 2994 1315 3002 —
1342 2955 1380 3021 In

233 3058 411 3126 ,volumine
437 3055 637 3141 Dresdcnsi,
666 3055 753 3146 quod
781 3057 933 3121 manibus
964 3080 1077 3140 verso,
1107 3060 1222 3126 titulus
1246 3061 1303 3126 ille
1331 3085 1379 3126 cr·

247 3188 319 3231 rore
342 3163 481 3251 quodam
497 3160 676 3248 bibliopegi
697 3171 771 3248 post
793 3162 923 3226 titulum
944 3161 1019 3228 libri
1037 3164 1211 3230 Heinsiani
1234 3169 1380 3234 insertus

247 3281 307 3337 est.
353 3270 507 3336 Continet
534 3277 644 3332 autem
672 3267 758 3332 idem
783 3267 937 3334 volumen
967 3272 1111 3359 quinque
1135 3283 1245 3360 partes
1273 3276 1379 3341 titulis

246 3389 277 3443 et
298 3380 493 3466 paginarum
515 3374 739 3439 numeratione
763 3373 937 3440 discretas:
1018 3417 1029 3440 .
1435 3455 1441 3462 ,

333 3483 365 3566 1)
386 3476 545 3562 Σχόίια
576 3469 864 3562 εὑρισκόμενα
892 3482 953 3553 είς
980 3473 1025 3543 τό
1047 3485 1282 3566 Θεοκρίτου
1304 3491 1379 3552 Ei-

245 3579 403 3650 ilitio.
459 3589 509 3646 Ee
528 3587 652 3660 officina
675 3587 916 3647 Oommelinictna.
942 3589 1055 3650 MDCI.
1091 3589 1240 3676 (curante
1270 3593 1376 3659 Abra-

244 3691 340 3756 hemo
363 3689 534 3770 sculteto).
579 3689 613 3771 2)
641 3690 788 3750 Theocriti
801 3691 869 3768 Syr.
884 3693 997 3766 Idpltia
1012 3701 1073 3756 eto.
1118 3698 1148 3756 E
1165 3700 1378 3780 Ippopraplsto

244 3796 420 3870 Hieronymi
448 3795 625 3856 commelini.
674 3797 759 3854 Αααο
782 3795 840 3855 Cli)
866 3796 912 3854 10.
954 3795 1124 3863 Hactenus
1155 3804 1264 3866 omnia
1282 3807 1376 3869 utin

246 3897 369 3962 Comm.
392 3913 433 3978 1..
463 3896 520 3960 scd
545 3905 636 3984 parte
658 3896 730 3960 totii
758 3896 835 3962 olim
862 3900 951 3964 lacsa
971 3903 1155 3990 perierunt,
1182 3929 1266 3994 quae
1288 3909 1376 3976 ultra

228 4003 351 4094 ¹posita
373 4011 479 4082 erant,
502 4011 682 4066 atramento
705 4023 782 4069 vcro
804 4005 951 4069 additum
974 4019 1023 4072 est
1042 4015 1141 4091 ortt,
1163 4022 1199 4075 ut
1219 4017 1298 4079 anni
1318 4039 1376 4079 nu-

244 4128 352 4170 merus
383 4111 461 4170 1603
495 4118 691 4194 compareat.
738 4108 772 4193 3)
799 4115 932 4176 Dciiielis
958 4116 1076 4177 Heinsii
1096 4118 1327 4182 Emendationes
1348 4131 1377 4183 et

242 4217 336 4276 Notae
349 4219 379 4276 in
404 4215 550 4276 Theocriti
562 4218 674 4292 idyllia
690 4217 847 4280 Bucolica.
882 4221 919 4281 In
942 4221 1118 4296 Bibliopolio
1134 4225 1374 4288 Commeliniono.

243 4321 305 4384 Cle
321 4320 418 4380 11111
454 4317 487 4397 4)
505 4322 562 4380 Ios.
577 4321 727 4396 Scatiyett'
739 4331 792 4384 cic.
817 4325 880 4384 etl)
896 4326 1064 4398 mileti„
1087 4333 1120 4387 ct
1141 4329 1174 4412 5)
1191 4331 1231 4389 Is.
1254 4333 1375 4392 Casuu-

242 4427 310 4484 heni
318 4431 370 4484 etl.
385 4425 447 4488 cto
455 4426 621 4499 tortelli.
638 4433 774 4512 utroque
785 4425 879 4490 titulo
894 4427 1047 4490 aOomm.
1057 4442 1079 4491 1.
1095 4429 1176 4493 nibil
1191 4429 1374 4498 differente.
