2980 5048
583 395 789 446 PRAEFATIO.
974 414 978 426 ¹
1215 405 1251 452 IX

122 545 242 611 OEsansi
265 547 446 637 evulgatas
468 573 554 634 esse,
576 573 639 640 quo
662 523 760 618 etiam
783 552 837 616 Fr.
859 551 946 640 Aug.
966 551 1079 620 Wolfii
1098 556 1201 622 verba
1219 559 1253 622 in

118 651 276 716 Analectt.
300 669 358 717 111.
383 677 415 741 p.
438 655 500 718 260
520 662 586 720 not.
609 656 780 743 pertinere.

191 751 365 841 Sequente
387 778 472 821 anno
497 759 577 822 1810
600 757 767 822 Theocriti
790 757 890 824 editio
910 761 1187 826 Amstelodomeusts
1207 761 1253 827 lu·

116 877 178 920 cem
203 856 311 948 fidit,
344 880 445 946 quum
467 866 576 923 textus
605 867 637 924 et
661 868 775 945 poetae
803 868 835 926 et
863 860 1058 927 scholiorum
1086 863 1254 951 aliquanto
1381 893 1384 901 ’

113 967 182 1024 ante
205 961 301 1046 typis
333 961 517 1047 descriptus
546 969 642 1026 esset.
686 962 814 1050 Incepit
843 985 913 1028 eam
940 964 1113 1032 editionem
1140 987 1256 1032 curare

112 1065 280 1125 1111011
303 1067 444 1144 Becaren,
465 1066 623 1129 successit
641 1069 844 1144 Homalerua,
868 1088 1002 1154 quorum
1025 1069 1154 1155 utrique
1176 1070 1255 1157 quid

111 1163 267 1230 debeatur
303 1167 341 1230 in
378 1172 471 1230 textu
502 1166 712 1246 scholiorum,
748 1177 898 1234 securata
935 1169 1092 1255 distingui
1131 1173 1253 1259 nequit.

112 1265 199 1346 Quae
222 1269 397 1358 inprima
418 1268 614 1334 scholiorum
640 1269 774 1357 plagula
800 1279 874 1335 ante
902 1291 975 1358 pag:
1007 1273 1108 1338 1711
1131 1275 1253 1360 primos

111 1368 211 1456 idyllii
232 1387 256 1435 1.
274 1392 398 1440 versus
417 1369 580 1456 leguntur,
602 1372 833 1438 additamentis
846 1372 1068 1440 Wartonianis
1091 1384 1203 1441 carent
1222 1385 1255 1442 st

111 1471 174 1536 lere
195 1475 396 1562 conspirant
416 1495 489 1538 cum
508 1473 572 1539 Ox.
590 1490 643 1556 11.,
661 1476 758 1539 etiarn
781 1477 814 1540 in
836 1475 1020 1540 lemmatum
1036 1477 1256 1544 mutilatorum

111 1574 248 1650 ratione,
281 1585 322 1640 ut
351 1575 434 1640 haec
460 1575 561 1642 editio
587 1578 640 1640 vel
663 1577 729 1642 alia
751 1576 916 1642 simillima
935 1578 1112 1664 typothetis
1135 1579 1256 1646 tradita

112 1675 208 1740 fuisse
240 1678 411 1744 videatur.
456 1679 574 1743 Postea
601 1687 725 1745 mutato
753 1679 889 1744 cohsilio
912 1677 1127 1748 Wartoniaua
1154 1683 1254 1747 inter·
1298 1691 1302 1702 ’

114 1787 196 1844 serta
221 1789 305 1844 sunt
327 1781 417 1845 etin
443 1780 603 1845 lemmatis
624 1780 722 1869 plena
742 1780 903 1847 vocabula
925 1783 1041 1868 posita.
1087 1782 1254 1863 Quaedam

112 1881 227 1966 partim
248 1881 383 1970 Toupio
398 1881 514 1947 aliisve
535 1881 722 1949 auctoribus
743 1885 860 1970 partim
884 1906 926 1949 ex
947 1884 1079 1968 ingenio
1095 1885 1254 1951 editorum

113 1991 250 2067 mutata3
282 1983 373 2050 haud
401 2005 505 2073 pauca
526 1991 695 2071 operarum
718 1987 891 2051 oscitantia
922 1994 1067 2073 peccata.
1111 1986 1256 2052 Adnota-

114 2085 219 2150 11011
242 2085 381 2152 Scholia
405 2101 509 2174 usque
533 2086 574 2151 ad
598 2109 672 2175 pag.
698 2089 759 2153 248
784 2088 910 2173 (11.11,
935 2089 987 2173 17)
1010 2093 1183 2156 Humotero
1202 2090 1255 2158 de-

118 2185 220 2270 betur,
243 2188 377 2276 reliqua
393 2193 511 2268 Boetia,
533 2212 669 2277 quorum
691 2197 829 2278 uterque
851 2189 938 2254 haud
960 2213 1064 2278 pauca
1084 2191 1168 2257 bene
1191 2194 1254 2259 dis·

115 2292 239 2373 putavit
263 2295 299 2356 et
319 2291 522 2374 emendavit,
546 2313 731 2379 quanquam
753 2293 865 2392 paucis
889 2291 1044 2358 subsidiis
1063 2295 1184 2360 criticis
1206 2297 1253 2360 in·
1365 2341 1369 2351 κ

119 2399 272 2458 umatus.

194 2494 333 2584 Optime
363 2493 403 2558 de
432 2493 569 2560 Scholiis
592 2497 710 2560 meruit
739 2499 933 2572 Gua'ssorduc,
956 2497 1011 2584 qui
1033 2519 1072 2562 ea
1093 2498 1197 2566 edidit
1220 2504 1254 2567 in

118 2600 276 2662 aaaron
297 2603 443 2662 minorum
473 2603 535 2662 Vol.
564 2603 585 2662 I
591 2603 625 2662 V.
652 2601 860 2663 0101111821
891 2597 939 2684 (in
963 2601 1154 2685 repetitione
1175 2601 1253 2691 Lip-

118 2699 212 2763 siensi
237 2697 315 2770 Vol.
340 2715 374 2763 V.
388 2701 497 2778 1823,
520 2721 583 2786 quo
606 2699 785 2786 exemplari
806 2721 883 2764 usus
906 2701 990 2786 sum)
1016 2702 1157 2788 egregiis
1178 2705 1253 2770 sub-

121 2799 207 2868 sidiis
226 2804 421 2867 instructus.
462 2799 527 2882 Qui
542 2809 667 2866 textum
690 2801 983 2886 Kiesslingianum,
1002 2811 1038 2866 ut
1053 2813 1189 2891 apparet
1207 2807 1254 2870 iu-

120 2904 274 2989 quircnti,
296 2905 344 2967 ita
366 2913 521 2990 sequutus
544 2913 593 2968 est
612 2913 648 2968 ut
665 2903 752 2972 haud
769 2901 877 2990 'pauca
899 2904 1076 2970 secundum
1092 2905 1142 2969 61.
1160 2905 1254 2992 call,

119 3009 270 3088 pauciora
300 3027 344 3071 ex
370 3005 537 3070 codicibus
567 3006 621 3071 vel
645 3007 842 3092 conjecturis
866 3005 978 3092 (idque
1001 3005 1089 3071 haud
1108 3029 1183 3090 raro
1198 3018 1254 3084 ¹ta-

120 3107 194 3192 cite)
214 3109 411 3190 mutaverit,
440 3107 665 3195 supplementa
686 3107 901 3172 Wartoniana
923 3127 941 3170 e
964 3105 1134 3173 Vaticanis
1154 3113 1256 3196 petita
1313 3131 1318 3146 ·

121 3212 294 3276 secundum
328 3209 465 3274 schedas
494 3209 809 3276 Sanctamandianas
841 3209 1031 3296 plerumque
1064 3210 1157 3295 siglis
1189 3214 1256 3277 suis

121 3312 320 3396 instruxerit,
342 3313 522 3378 eorrexerit
537 3320 569 3376 et
583 3314 726 3394 auxerit,
750 3311 890 3399 denique
906 3309 1008 3375 multa
1024 3333 1110 3376 nova
1132 3335 1149 3376 e
1169 3313 1256 3379 codi-

121 3413 208 3480 cibus
230 3414 412 3496 addiderit,
441 3414 619 3478 Pediasimi
638 3423 746 3478 autem
769 3411 926 3498 exegeain
947 3413 981 3476 in
1003 3411 1176 3500 Syringem
1199 3416 1256 3480 ite·

121 3540 186 3582 rum
208 3516 378 3604 abjecerit.
425 3515 578 3581 Ceterum
594 3515 712 3580 multas
735 3514 891 3604 lectiones
913 3513 1000 3600 apud
1020 3513 1256 3603 Kicsslingium

120 3619 168 3684 vel
189 3617 328 3685 consilio
350 3617 404 3683 vel
428 3616 609 3704 sphalmata
634 3625 771 3682 novatus
795 3615 893 3685 tacite
915 3617 1061 3713 repetiit,
1084 3618 1167 3682 utin
1183 3641 1256 3708 sup·
1305 3685 1309 3694 ,

119 3719 285 3806 plamantis
306 3719 397 3806 prius
414 3741 434 3782 a
455 3717 615 3784 Wartouo
644 3719 741 3784 editis
765 3716 852 3784 haud
874 3739 948 3782 raro
973 3716 1116 3783 dubitari
1140 3724 1257 3806 possit,

120 3843 157 3885 an
179 3819 379 3888 Gaisfordus
400 3821 616 3889 correctiones
639 3820 900 3905 Kiesslingianas
922 3817 963 3882 ab
984 3818 1057 3906 ipso
1078 3822 1177 3886 tacite
1200 3825 1257 3889 ite·

120 3925 258 3988 11111111
282 3921 513 3988 collationibus
542 3921 847 3988 Sanctamandianis
869 3941 933 3984 non
956 3920 1130 3988 invenerit.
1176 3923 1256 3990 Sub-

121 4026 199 4092 11111
217 4025 446 4112 manuscripta
465 4047 485 4087 a
507 4023 686 4088 Gaisfordo
709 4023 790 4086 haec
810 4029 969 4108 usurpata
993 4031 1084 4086 sunt:

201 4129 233 4216 1)
269 4125 506 4213 Apcgraphum
532 4125 655 4190 codicis
677 4123 891 4188 Laurentiani
913 4123 975 4210 (p.)
1000 4123 1138 4189 Salvinii
1161 4149 1259 4194 manu

121 4239 287 4296 exaratum
298 4225 530 4302 Sanctamandi
543 4229 578 4290 in
589 4227 729 4311 gratiam
739 4249 746 4310 3
758 4223 952 4290 Gaisfordus
965 4224 1094 4310 aigloL.
1108 4247 1185 4290 usus
1199 4239 1257 4294 est.

117 4329 120 4341 '
198 4335 232 4420 2)
260 4329 463 4398 Collationes
486 4327 634 4392 codicum
655 4327 888 4392 vaticanorum
914 4327 993 4389 1-9
1017 4323 1257 4393 Sanctamando

120 4434 252 4501 debitae.
300 4431 364 4497 Tot
392 4437 478 4494 ccrtc
500 4439 732 4494 enumerantur
753 4431 787 4492 in
815 4425 929 4492 Indice
950 4422 1257 4508 Mauuscriptorum‚
