2980 5048
596 387 802 438 Paterculo.
1180 387 1279 438 XXVll

120 555 243 642 partim
272 577 318 621 ex
343 557 470 642 glossis
500 555 656 624 librorum
684 567 831 647 arreptas
865 581 956 642 esse,
988 559 1105 647 partim
1133 562 1279 649 ipsorum

129 658 269 742 ingeniis
293 659 423 724 deberi.

211 792 266 864 De
292 795 537 882 antiquioribus
559 795 726 862 Theocriti
749 797 953 880 scholiastis,
974 818 1015 861 ex
1039 819 1175 884 quorum
1196 821 1279 864 corn-

128 896 299 960 meutariis
333 895 532 962 scholiorum
561 897 754 964 traditorum
785 899 935 963 redactur
956 899 1116 977 hauserit,
1142 909 1279 984 egerunt

128 998 312 1064 Wartonus
331 1001 366 1064 in
383 997 510 1063 Notitia
529 999 747 1084 scholiorum,
769 1001 1043 1066 Wucstemannus
1063 1025 1091 1088 p.
1112 1017 1160 1064 xv
1179 1023 1279 1090 seqq,

127 1099 336 1166 Fritzschius
367 1103 407 1166 de
432 1095 538 1168 bucol.
567 1125 597 1188 p.
622 1091 670 1167 32
688 1125 779 1191 seqq.
825 1102 959 1167 Illorum
990 1103 1108 1190 partim
1138 1105 1171 1169 in
1199 1104 1279 1191 ipsis
1377 1145 1383 1159 ·

126 1201 430 1292 schret.,pa1ttm
452 1206 488 1268 in
510 1205 581 1270 aliis
605 1207 736 1292 scriptis
761 1205 843 1271 hacc
863 1207 994 1270 nomina
1013 1213 1216 1292 comparent:

215 1344 252 1428 a)
297 1345 492 1422 Asclepiades
513 1347 705 1421 Myrleanus,
735 1342 844 1407 seculo
864 1343 969 1429 primo
995 1363 1024 1405 a.
1050 1342 1125 1408 Chr.
1149 1341 1278 1426 florens,

127 1441 168 1507 de
192 1464 260 1530 qno
283 1445 426 1530 amplius
451 1443 677 1508 disseruerunt
699 1443 870 1509 Werlerns
897 1444 931 1506 in
953 1442 1025 1514 Act.
1050 1442 1128 1532 phil.
1150 1443 1277 1526 Monac.

125 1562 154 1608 11
175 1569 207 1632 p.
234 1549 299 1608 517
323 1567 413 1632 seqq.
436 1553 469 1609 et
490 1545 532 1608 K.
554 1545 711 1610 Lehrsius
732 1555 806 1632 post
829 1543 1008 1610 Herodian.
1028 1567 1089 1610 scr.
1109 1555 1149 1610 tr.
1168 1571 1200 1634 p.
1217 1549 1279 1611 428

129 1669 223 1734 seqq.
269 1645 487 1734 Asclepiades
511 1648 618 1712 sexies
641 1647 674 1710 in
700 1645 833 1711 scholiis
861 1656 1147 1729 commemoratur,
1179 1647 1279 1712 semol

128 1750 240 1834 patria
262 1749 409 1812 indicata
433 1747 475 1812 ad
501 1766 527 1830 1,
553 1749 621 1814 118.
630 1798 639 1830 ,
661 1749 718 1814 ubi
747 1750 777 1812 ci
799 1748 896 1814 lectio
920 1743 1094 1832 Δύβριδος
1124 1749 1280 1813 tribuitur

129 1873 205 1914 cum
227 1850 500 1937 interpretatione
520 1841 540 1934 ἡ
562 1843 644 1916 κατὰ
669 1850 825 1933 γλῶσσαν
845 1847 1014 1915 θάλασσα.
1054 1849 1141 1914 Ηίοο
1156 1850 1278 1936 'proba-

129 1951 197 2017 bile
221 1960 273 2016 est
297 1952 394 2015 etiam
419 1953 454 2014 in
480 1951 615 2040 reliquis
644 1953 787 2040 quinque
813 1953 892 2018 locis
914 1951 1052 2020 cundem
1076 1951 1280 2039 Myrleanum

130 2051 384 2138 intelligendum
407 2075 495 2118 esse:
518 2070 545 2136 1,
562 2060 601 2120 4„
616 2079 647 2142 p,
666 2058 721 2134 36,
744 2061 773 2119 4.
798 2053 838 2120 dc
853 2054 1010 2141 producto
1028 2077 1049 2116 ο
1065 2056 1099 2118 in
1118 2053 1235 2141 λαψῇ(
1256 2055 1280 2140 ),

130 2173 175 2237 11,
199 2159 252 2221 88.
283 2155 325 2219 de
354 2151 467 2230 θοίψος
494 2156 565 2244 (ubi
587 2156 764 2222 Wartonus
787 2157 896 2244 potius
916 2155 1096 2242 Bithynum
1117 2155 1279 2220 medicum

130 2256 330 2338 intellexit),
355 2273 393 2337 V,
418 2258 471 2320 21.
493 2257 533 2322 dc
555 2259 729 2344 proverbio
751 2250 853 2323 οὐδὲν
875 2251 983 2339 ἱερόν,
1009 2275 1041 2338 v,
1057 2261 1108 2322 99.
1128 2257 1169 2321 dc
1192 2255 1279 2322 lecti-

131 2381 194 2426 one
218 2349 423 2440 ὁμομαλίὸες
444 2356 501 2442 (ex
523 2370 634 2424 nostra
658 2360 918 2446 emendatione),
944 2382 1007 2447 quo
1030 2359 1126 2424 etiam
1147 2381 1186 2424 ea
1208 2381 1279 2446 per-

131 2465 247 2528 tinere·
255 2460 427 2542 videntur,
445 2481 530 2546 qnae
547 2461 740 2527 Ammonius
761 2471 793 2526 et
809 2460 1002 2526 Eustathius
1021 2481 1063 2524 ex
1082 2460 1280 2546 Asclepiade

130 2562 174 2628 de
199 2559 372 2647 temporali
393 2569 552 2647 potestate
573 2565 665 2628 vocis
686 2554 774 2646 ὁμοῦ
795 2564 1015 2645 tradiderunt,
1038 2563 1104 2628 vid.
1126 2563 1214 2628 Adn.
1237 2563 1279 2627 ad

130 2665 163 2728 h.
188 2663 277 2744 sch,
297 2670 463 2750 postremo
485 2680 521 2741 v,
541 2667 611 2729 102.
637 2665 677 2729 de
699 2673 808 2731 monte
825 2661 992 2746 (Deliacos.
1039 2664 1132 2745 Quae
1152 2687 1281 2752 compa-

131 2769 220 2834 ranti
243 2774 333 2829 rectc
356 2765 511 2830 statuisse
533 2765 748 2848 videbuntur,
772 2766 1017 2854 Asclepiadem,
1041 2766 1204 2832 hominem
1225 2789 1280 2830 va·

131 2871 182 2932 ria
205 2867 356 2932 doctrina
377 2867 588 2949 instructum,
612 2868 738 2952 justum
763 2864 1027 2934 commentarium
1052 2870 1085 2932 in
1113 2868 1279 2934 Theocriti

130 2969 280 3034 carmina
308 2968 559 3054 conscripsisse,
586 2978 623 3033 ut
650 2969 738 3034 idem
761 2969 795 3033 in
820 2969 998 3035 Homerum
1021 2979 1053 3034 et
1081 2971 1220 3036 fortasse
1246 2970 1280 3034 in

131 3072 217 3138 alios
238 3078 352 3156 poetas
375 3079 611 3136 commentatus
635 3082 695 3136 est.

218 3207 257 3290 b)
285 3209 362 3270 Theo
384 3209 566 3270 rtrtemidori
584 3228 746 3294 nusquam
762 3207 796 3271 in
816 3206 950 3272 scholiis
968 3206 1117 3288 traditis,
1138 3206 1196 3270 sed
1212 3215 1292 3270 tan-2
1364 3261 1368 3268 .

131 3331 231 3398 quam
254 3315 489 3374 commentator
510 3309 677 3374 Theocriti
698 3309 750 3374 bis
773 3311 808 3373 in
827 3306 1065 3394 Etymologicis
1089 3326 1281 3372 commemo-

131 3421 241 3492 ratur,
263 3432 345 3497 quos
368 3410 459 3474 locos
481 3409 620 3476 Scholiis
642 3409 844 3490 addidimus,
866 3410 1007 3495 primum
1029 3431 1061 3494 p·
1085 3411 1142 3490 50,
1168 3410 1217 3470 12.
1240 3406 1282 3470 acl

132 3531 161 3589 1,
185 3517 254 3593 39„
283 3513 341 3577 ubi
364 3509 461 3576 Θέων
488 3509 525 3576 ἐν
548 3509 588 3598 τῇ
614 3502 802 3596 ὑπομνήσει
826 3511 1014 3594 Θεοκρίτου
1043 3509 1097 3574 vel
1121 3507 1217 3574 Θέων
1234 3506 1282 3584 ,ἐν

131 3607 349 3698 ὑπομνήματι
371 3613 418 3701 τῷ
433 3613 479 3688 εἰς
495 3606 678 3696 Θεόκριτον
698 3621 812 3678 auctor
825 3614 982 3695 affertur,
1003 3621 1070 3676 tum
1090 3635 1121 3697 p.
1139 3596 1221 3694 173,
1233 3615 1280 3675 11.

131 3717 174 3780 ad
197 3733 244 3798 lv,
267 3721 339 3798 ht,
367 3715 427 3780 ubi
449 3695 545 3780 Θέωὶι
571 3705 589 3778 ὁ
618 3705 873 3798 Ἀρτεμιδώρου.
917 3705 1056 3778 Fulvius
1084 3713 1225 3778 Ursinus
1247 3716 1282 3778 in

133 3817 251 3904 virgil.
280 3816 353 3882 coll.
384 3825 499 3884 totam„
513 3815 708 3880 scholiorum
737 3815 977 3898 collectionem,
1006 3839 1104 3902 quam
1135 3826 1281 3891 noverat,

133 3929 289 4007 tauquam
304 3917 451 4009 Theonis
473 3939 554 4004 opus
580 3917 697 3982 afferre
720 3917 818 3999 solet,
842 3916 932 3983 nulla
954 3926 1062 3983 tamen
1084 3919 1150 3985 alia
1172 3927 1282 3982 aucto-

133 4023 227 4087 ritate
253 4043 354 4103 usus,
382 4027 419 4084 nt
440 4022 511 4108 ipse
533 4019 704 4107 profitetur
725 4041 757 4105 p.
783 4023 812 4082 2.
836 4019 887 4084 ed.
910 4020 1052 4104 Valck.,'
1073 4042 1170 4106 quam
1194 4017 1282 4106 quod

131 4125 165 4188 in
184 4123 419 4212 Etymologico
442 4121 565 4198 inedito
588 4145 614 4186 s.
638 4145 671 4185 v.
699 4112 839 4204 γριιιεύς
858 4122 1081 4186 testimonium
1096 4121 1175 4186 illud
1190 4121 1281 4205 prius

132 4226 319 4307 invenerat,
344 4221 432 4310 quod
452 4225 586 4287 minime
604 4224 639 4288 in
657 4243 729 4286 earn
747 4233 873 4308 partem
894 4222 982 4286 trahi·
995 4244 1091 4308 posse
1109 4224 1179 4307 jam
1201 4220 1281 4283 satis

129 4337 281 4417 apparet,
324 4327 482 4390 Attamen
504 4325 674 4412 utriusque
697 4323 813 4389 scholii
829 4323 976 4390 Theonei
995 4326 1030 4388 in
1044 4321 1174 4387 traditis
1190 4317 1282 4384 scho-

125 4429 178 4496 liis
198 4426 448 4497 vetustioribus
470 4437 626 4516 excerpta
647 4433 776 4505 extant,
799 4425 886 4490 unde
907 4445 967 4510 pro
990 4430 1079 4488 certo
1095 4419 1210 4487 haberi
1226 4442 1281 4508 μο-
