2968 5060
249 353 358 402 LXXIV
709 355 916 406 elatustum.

250 508 335 572 diem
358 505 467 572 collati
483 519 575 593 sunt3
596 531 673 574 nam
690 513 810 594 ingens
829 533 868 575 ca
883 511 1015 596 farrago
1031 533 1149 596 operae
1169 513 1306 578 criticae
1331 535 1400 599 po-

250 617 315 680 tius
337 613 485 680 officeret
504 635 601 700 quam
620 615 800 702 prodesset.
846 616 960 704 Neque
982 615 1062 681 utile
1085 616 1192 682 visum
1216 627 1307 682 este
1331 640 1399 680 va·

251 722 308 786 riis
330 720 424 787 libris
447 720 658 786 notabiliores
678 720 833 785 lectiones
863 743 949 808 vago
970 721 1107 786 arbitrio
1128 722 1281 808 seligere.
1324 724 1397 788 Pe

249 829 315 892 tius
343 827 378 892 id
407 825 570 912 egendum
593 825 687 906 duxi,
722 836 757 890 ut
782 850 894 893 corum
918 827 1086 910 codicum,
1109 829 1166 916 qui
1194 831 1231 892 in
1254 851 1396 916 quaque

250 934 376 999 familia
394 932 448 997 vel
465 933 578 1018 optimi
594 931 646 994 vel
669 936 790 1019 optime
810 933 921 1000 collati
943 943 1034 1016 sunt,
1058 935 1187 1020 integra
1209 935 1395 1022 (quantum

250 1042 321 1106 lieri
349 1037 492 1128 poterat)
521 1035 660 1101 lectione
682 1049 839 1124 congesto
865 1041 971 1104 omnis
992 1041 1160 1105 varietatis
1188 1045 1285 1128 qnasi
1307 1067 1395 1130 syn-

249 1148 343 1234 opsin
370 1143 533 1233 quandam
565 1141 764 1207 exhiberem.
816 1145 932 1232 Itaque
963 1146 1077 1212 horum
1113 1145 1265 1211 codicum
1302 1151 1393 1214 inte-

248 1275 341 1342 gram
364 1259 538 1338 (quatenus
557 1248 688 1336 quidem
709 1249 819 1314 collati
841 1252 931 1333 sunt)
954 1252 1125 1318 lectionem
1148 1253 1330 1341 adscripsi:

334 1359 367 1445 o)
390 1357 672 1422 Theocriteorum:
702 1377 731 1419 a.
753 1361 782 1420 lc.
802 1379 835 1437 ρ.
857 1379 880 1421 s.
903 1379 928 1421 v.
954 1371 983 1423 e.
1012 1369 1041 1424 s.
1072 1373 1097 1424 o.
1123 1373 1167 1445 re,
1197 1373 1244 1424 rs.
1275 1373 1323 1426 aa
1346 1367 1389 1426 Ι).

394 1471 426 1530 L.
448 1469 492 1528 M.
516 1467 547 1540 Q.
574 1467 611 1528 Υ.

334 1573 370 1654 bl
394 1571 638 1636 Moscheorum:
666 1571 704 1634 s'·
724 1573 752 1646 s.
776 1571 816 1633 θ’·
836 1574 890 1634 Bs.

334 1680 366 1766 c)
390 1676 697 1762 Anthologicorum:
725 1680 785 1738 ΑΡ.
809 1676 921 1740 Alunt
944 1681 1050 1742 apert

249 1785 394 1868 Quorum
417 1783 565 1872 plerique
587 1780 696 1846 seculo
719 1797 790 1844 xrv.
813 1783 1016 1870 antiquiores
1040 1809 1113 1851 esse
1135 1788 1309 1869 dicuntur,
1337 1809 1386 1851 re-

156 1929 161 1940 ·
249 1896 329 1982 liqui
354 1895 424 1960 eius
446 1892 551 1979 ipsius
579 1887 680 1953 seculi
705 1897 837 1974 praeter
862 1895 899 1952 l'.
919 1899 952 1953 et
970 1888 1079 1953 ΛΡΜ(ι
1122 1890 1384 1956 Stobaeanornm

249 2001 417 2084 codicum,
446 2020 545 2086 quum
567 1995 665 2084 pauci
688 1996 771 2077 sint,
800 1995 925 2059 nullum
946 1995 1085 2060 exclusi.
1131 1997 1256 2062 Addidi
1276 2007 1385 2062 autem
1473 2069 1474 2084 p

249 2129 293 2170 ex
319 2105 445 2192 aliquot
471 2102 545 2167 aliis
574 2101 743 2166 codicibus
771 2103 931 2187 integram
962 2103 1155 2168 varietatem
1184 2103 1228 2168 ad
1258 2113 1385 2190 partem

250 2211 448 2290 carminum3
470 2207 529 2272 hos
551 2207 625 2272 dico
647 2206 749 2272 libros
769 2207 1002 2274 Theocritcos:

334 2337 361 2378 c.
382 2314 424 2378 ad
446 2311 582 2376 Theocr.
599 2327 672 2374 xix.
693 2330 765 2377 xxr.
786 2331 870 2378 xxn.
888 2331 988 2379 xxru.
1015 2305 1138 2396 Ἐπιγρ.
1163 2313 1233 2379 Ine.
1254 2329 1302 2378 ιν.
1323 2329 1384 2376 vu.

335 2442 369 2483 e.
391 2417 435 2483 ad
455 2418 524 2481 Ine.
546 2434 568 2479 1.
591 2434 666 2481 vin.
690 2435 738 2482 ur.

338 2539 366 2589 4.
386 2533 418 2588 et
440 2536 466 2586 5.
488 2523 532 2588 ad
553 2523 689 2590 Theocr.
711 2542 811 2590 xviri.

337 2627 619 2695 11⁸·adThcocr.
643 2647 743 2694 xvrn.
768 2649 839 2699 xix.
871 2631 996 2697 Moseh.
1020 2648 1056 2696 n.
1089 2631 1159 2696 Ine.
1178 2645 1216 2694 11.
1241 2647 1294 2696 111.
1316 2647 1363 2694 vr.

335 2743 374 2803 B.
396 2736 437 2801 ad
459 2734 596 2800 Theocr.
620 2751 692 2801 er.
715 2756 785 2804 xvi.
810 2755 911 2803 xxm.
937 2730 1061 2821 Ἐπιγρ.

335 2852 369 2909 P.
391 2842 434 2907 ad
455 2840 593 2909 Theocr.
616 2861 638 2907 1.

250 2953 319 3019 Cur
338 2953 424 3016 hunc
440 2952 644 3037 potissimum
666 2949 827 3016 delectum
843 2950 1057 3034 instituerim,
1081 2949 1253 3036 apparebit
1269 2971 1313 3014 ex
1331 2952 1384 3032 iis,

249 3081 333 3146 quse
357 3059 391 3122 in
415 3065 502 3122 tome
529 3055 672 3120 secundo
699 3077 872 3143 exponam.
917 3056 972 3120 Ex
999 3055 1075 3120 aliis
1096 3056 1266 3122 codicibus
1295 3057 1383 3124 codi-

249 3188 364 3233 cumve
385 3163 533 3253 partibus
556 3181 630 3226 raro
652 3161 809 3228 lectiones
831 3165 984 3251 apposui,
1006 3163 1101 3228 modo
1121 3173 1158 3228 ut
1177 3163 1312 3230 lectioni
1334 3187 1383 3229 re-

248 3283 363 3360 ceptae
378 3268 504 3357 aliquid
525 3269 683 3356 praesidii
702 3268 867 3352 adderem,
887 3271 982 3339 modo
997 3269 1083 3358 quod
1105 3268 1219 3334 melior
1234 3269 1382 3334 eiusdem

249 3377 394 3443 familiae
410 3377 515 3442 codex
534 3375 697 3458 deficeret,
712 3375 807 3440 modo
822 3377 909 3462 quod
927 3375 1138 3441 notabiliores
1151 3376 1243 3440 visae
1259 3387 1381 3442 essent.

335 3482 442 3561 Quum
472 3480 699 3566 plerorumque
721 3481 870 3545 codicum
899 3483 1029 3546 illorum
1052 3481 1163 3570 plures
1187 3479 1383 3547 collationes

249 3595 378 3667 extent,
391 3585 620 3678 ‚Zieglerianis
647 3585 770 3670 primas
790 3593 900 3670 partes
924 3586 1001 3650 dodi
1023 3589 1058 3652 in
1080 3609 1154 3652 eum
1174 3587 1323 3670 modum,
1347 3597 1383 3654 ut

249 3692 372 3758 codicis
394 3699 427 3754 et
449 3711 469 3752 a
488 3686 639 3774 Zieglero
662 3699 694 3753 et
717 3686 759 3751 ab
782 3688 854 3752 aliis
882 3691 990 3758 collati
1013 3694 1137 3759 nudum
1159 3692 1279 3778 siglum
1299 3694 1382 3758 indi·

249 3805 319 3879 cet,
342 3817 416 3860 eam
438 3794 610 3858 lectionem
632 3815 652 3855 a
675 3792 826 3878 Zieglero
848 3807 1012 3864 enotatam
1033 3823 1105 3866 esse
1126 3800 1261 3886 reliquis
1283 3799 1382 3864 colla·

248 3901 394 3968 tionibus
419 3901 473 3966 vel
501 3900 782 3965 consentientibus
808 3902 862 3967 vel
887 3906 1088 3989 tacentibus3
1116 3905 1252 3970 eandem
1280 3906 1380 3992 signi·

248 4008 432 4072 ficationem
451 4007 550 4070 etiam
570 4005 606 4068 iu
626 4005 668 4069 iis
689 4005 884 4074 lectionibus
901 4011 1035 4093 admisi,
1055 4011 1096 4076 de
1118 4011 1237 4098 quibus
1252 4009 1379 4096 Ziogle·

247 4138 302 4182 rus
325 4115 424 4178 tacite
441 4121 596 4196 testatur,
620 4111 705 4177 aliae
727 4137 805 4180 vero
830 4115 1020 4183 collationes
1042 4117 1173 4182 diserte.
1217 4114 1285 4180 Ubi
1307 4115 1379 4180 reli-

247 4243 332 4309 quae
353 4218 542 4284 collationes
572 4240 645 4284 eum
667 4219 876 4304 Zieglerisna
904 4220 1107 4309 discrepant,
1138 4219 1285 4306 singulas
1315 4221 1378 4286 dis-

248 4328 337 4392 crevi
360 4347 398 4392 eo
420 4325 526 4408 modo,
548 4325 604 4410 qui
626 4325 661 4388 in
681 4329 711 4406 ξ.
735 4331 764 4389 7.
789 4327 972 4413 descriptus
995 4335 1054 4390 est.
1100 4328 1166 4394 Ubi
1187 4326 1378 4394 collationes

247 4433 473 4520 Zieglerianae
496 4431 667 4514 deficiunt,
695 4432 730 4495 in
756 4433 863 4496 m'eum
892 4453 986 4495 usum
1009 4431 1107 4498 factis
1129 4433 1269 4498 eundem
1290 4437 1376 4522 prin-
