2946 5046
215 397 355 445 xxxvrn
675 389 884 439 renarrem.

216 569 298 642 οίοις
324 585 456 652 operam
485 565 650 652 posuisse,
678 571 747 627 turn
774 563 905 648 utrique
935 555 1049 638 Λέξεις
1076 555 1225 642 saprade
1252 559 1376 624 tribui.

217 671 351 736 Rectius
379 675 489 731 autem
516 663 695 730 credideris
725 673 757 728 et
784 665 842 728 has
871 671 905 728 et
932 662 1183 750 hypomnemata
1211 663 1247 726 in
1270 661 1377 726 Calli-

217 773 366 838 machum
393 777 449 833 aut
477 767 652 853 conjuncta
678 767 780 855 patris
804 773 836 829 et
857 764 916 828 lilii
939 785 1038 851 opera
1060 764 1148 828 edita
1170 787 1243 830 esse
1269 773 1333 829 aut
1357 787 1378 826 a

217 875 285 939 filio
313 873 415 959 patris
444 869 546 957 copiis
575 891 651 952 uso,
683 877 719 932 ut
748 869 808 932 sub
837 868 1007 954 utriusque
1028 869 1160 932 nomine
1181 869 1377 954 promiscue

218 973 347 1040 laudari
373 973 548 1059 potuerint.
593 969 643 1035 Ne
676 991 696 1034 a
723 971 1011 1055 grammaticorum
1043 970 1132 1034 tribu
1168 969 1377 1052 discedatur,

219 1077 332 1142 confer
355 1074 443 1161 quod
461 1073 506 1137 ab
521 1070 692 1136 Athenaeo
714 1076 916 1153 X1V,-640.e.
941 1071 1055 1135 eadem
1078 1071 1181 1135 verba
1195 1071 1376 1158 Tryphoni

220 1179 409 1244 tribuuntur
426 1196 509 1262 quae
529 1174 562 1237 in
584 1175 743 1261 proximis
765 1175 871 1250 Atha.
895 1173 1056 1260 Dionysio
1078 1171 1279 1259 Tryphonis.
1305 1175 1378 1238 Au-

205 1281 333 1376 pasius
356 1277 411 1362 agi
425 1277 571 1362 videtur,
595 1277 622 1338 si
646 1276 720 1361 quis
742 1295 760 1338 e
782 1274 921 1338 lectione
935 1267 1197 1358 Ἀρτεμιδώρου,
1220 1297 1323 1362 quam
1342 1279 1376 1340 in

220 1381 301 1446 locis
327 1401 425 1466 supra
447 1401 489 1442 ex
510 1377 679 1443 SchArist.
702 1375 811 1440 allatis
834 1378 974 1463 optimus
996 1377 1101 1442 codex
1122 1377 1212 1464 (uam
1236 1379 1271 1442 in
1289 1377 1376 1442 Rav.

220 1482 279 1546 illa
304 1481 434 1562 desunt)
463 1501 521 1566 pro
549 1480 752 1542 nominativo
780 1478 933 1564 praebet,
962 1478 1117 1564 colligere
1148 1477 1230 1542 velit
1259 1501 1375 1543 veram

220 1584 395 1649 lectionem
410 1603 482 1646 esse
504 1571 522 1644 ὁ
540 1571 784 1664 Ἀρτεμιδώρου
805 1579 827 1642 i.
847 1601 875 1645 e.
897 1579 1004 1660 Theo,
1023 1589 1057 1644 et
1071 1574 1213 1644 similene
1230 1602 1373 1646 errorem

222 1688 319 1751 etiam
343 1685 378 1748 in
399 1682 473 1748 aliis
495 1681 666 1746 accidisse.
713 1681 821 1761 Quam
844 1681 945 1766 igitur
959 1680 1049 1746 Theo
1073 1683 1195 1769 optimo
1214 1683 1291 1768 jure
1313 1685 1375 1746 Ar-

221 1787 374 1853 temidori
397 1785 628 1870 Aristophanei
650 1783 740 1861 filius
761 1782 865 1847 fuisse
888 1783 1108 1866 existimetur,
1127 1793 1256 1870 patrem
1277 1807 1374 1872 appa-

223 1898 273 1954 ret
295 1888 408 1953 ultimo
431 1885 623 1950 semiseculo
647 1907 676 1948 a.
701 1883 777 1948 Chr.
802 1882 962 1948 floruisse.

309 1989 420 2055 'Bertio
443 1997 476 2052 et
495 1987 690 2072 gravissimo
712 1994 904 2070 argumento
923 1985 1123 2050 Artemidori
1139 1987 1377 2075 Aristophanei

225 2101 315 2158 aetas
350 2099 476 2178 pateret
509 2089 677 2175 aliquanto
703 2089 879 2169 recentior,
917 2109 1014 2173 quarn
1043 2087 1155 2173 sulgo·
1172 2092 1375 2170 existimant,

226 2197 254 2260 si
283 2200 463 2274 constaret,
497 2190 531 2254 id
554 2189 641 2276 quod
665 2187 816 2252 Rankius
839 2189 879 2252 de
901 2187 1045 2276 Hesyeh.
1066 2212 1099 2275 p.
1126 2195 1207 2254 104:
1231 2195 1375 2280 suspica-

226 2307 279 2362 tus
302 2305 367 2378 est,
396 2292 488 2358 illum
510 2291 552 2355 ab
575 2289 783 2354 Artemidoro
804 2289 992 2376 geographo
1014 2312 1079 2354 non
1102 2291 1273 2358 diversum
1296 2317 1376 2372 esse,

114 2381 125 2408 ’
227 2398 268 2462 da
302 2397 397 2484 eujus
430 2402 536 2458 aetate
564 2383 750 2455 Marcianus
786 2393 820 2456 in
848 2391 999 2478 Epitome
1026 2392 1228 2459 Artemidori
1263 2419 1295 2482 p.
1327 2401 1375 2460 er.

226 2499 333 2564 Huds.
357 2497 477 2560 diserte
497 2494 615 2562 tradit:
644 2485 885 2576 Ἀρτεμίδωρος
906 2487 943 2556 δὲ
966 2483 984 2556 ὁ
1004 2485 1154 2576 Ἐφέσιος
1175 2493 1377 2580 μεωγράφος

226 2591 309 2664 κατὰ
328 2589 389 2680 τὴν
404 2591 478 2680 ρξδ’
500 2587 708 2678 Ὀλυμπιάδα
727 2587 874 2677 γεγονώς
889 2597 958 2658 κτλ.
976 2595 1078 2678 (eirca
1092 2619 1122 2659 a.
1140 2601 1202 2661 100
1220 2621 1256 2662 ae
1272 2599 1350 2664 Chr.
1362 2624 1376 2662 ¹.

227 2701 271 2766 Et
293 2707 400 2787 potest
423 2719 461 2761 ea
481 2698 598 2761 aetatis
621 2695 797 2782 descriptio
821 2717 894 2758 curn
916 2699 1160 2784 computatione
1179 2721 1282 2786 supra
1304 2725 1377 2790 pro-

227 2803 333 2892 posita
355 2798 608 2888 iteponeiliari,
631 2807 668 2860 ut
690 2789 837 2879 γεγονώς
856 2818 921 2860 non
942 2797 983 2861 de
1005 2797 1140 2864 florente
1161 2801 1378 2888 intelligatur,

228 2903 286 2970 sed
315 2903 355 2992 de
381 2910 458 2966 nato
487 2901 578 2986 (vide
600 2911 710 2964 tamen
734 2899 774 2963 de
798 2920 836 2964 eo
862 2901 952 2964 vdeis
974 2921 1037 2963 usu
1059 2899 1206 2965 Ritschel
1234 2903 1276 2968 de
1298 2904 1379 2970 bihl.

228 3006 325 3072 Alex.
348 3027 381 3092 p.
402 3003 488 3087 79.),
518 3001 608 3068 Theo
636 3023 714 3066 vero
741 3000 829 3064 tilius
853 3002 941 3064 circa
962 3023 992 3064 a.
1017 3005 1057 3064 50
1087 3011 1191 3074 nutus¹
1208 3025 1281 3070 esse
1312 3009 1379 3072 exi·

228 3109 377 3175 stimetur
400 3113 433 3170 et
453 3106 539 3169 circa
563 3123 592 3166 a.
617 3107 656 3167 20
683 3127 714 3188 p.
738 3101 816 3165 Ohr.
840 3104 1110 3190 septuagenarius
1129 3105 1252 3192 Apioni
1271 3107 1379 3172 cathe-

230 3211 320 3278 dram
343 3208 493 3272 cessisse.
537 3205 691 3269 Attamen
713 3203 863 3268 Rankius
884 3203 945 3268 hoe
968 3227 1032 3270 uno
1052 3217 1245 3290 argumento
1261 3231 1378 3295 parurn

229 3313 321 3378 firmo
349 3331 428 3374 usus
458 3315 521 3388 est,
551 3306 638 3394 quod
667 3307 858 3369 Athenaeus
888 3323 941 3388 111,
975 3308 1084 3372 tttd.
1113 3331 1154 3372 ex
1176 3309 1379 3376 Artemidori

229 3413 366 3501 Ephesii
386 3408 644 3498 hypomnematis
659 3407 779 3471 Ionicis
795 3406 937 3492 glossam
956 3407 1099 3474 Ionicam
1124 3410 1265 3496 profert,
1292 3413 1380 3477 unde

230 3514 380 3578 Rankius
403 3512 535 3594 collegit
558 3509 619 3574 hoc
644 3529 740 3594 opus,
763 3530 801 3572 eo
822 3531 888 3571 uno
915 3509 985 3574 loco
1008 3523 1313 3588 commemoratum,
1338 3517 1380 3579 si-

129 3681 138 3698 ,
230 3613 315 3678 milis
338 3613 457 3677 indolis
483 3613 587 3676 luisse
608 3619 706 3696 atque
728 3611 961 3696 Aristophanei
983 3609 1084 3676 libros
1110 3611 1185 3694 περὶ
1209 3616 1379 3696 Δωρίδος,

230 3713 317 3778 ιιοδο
337 3733 442 3799 aeque
462 3733 528 3775 una
550 3712 660 3797 glossa
682 3712 803 3776 tradita
825 3722 884 3776 est.
931 3711 1054 3777 Contra
1076 3723 1141 3782 tam
1164 3715 1307 3780 debilem
1330 3739 1380 3781 ar-

230 3814 507 3902 gumentationem
528 3811 668 3877 multum
695 3813 784 3877 valet
807 3814 893 3900 quod
915 3815 1115 3880 Artemidori
1139 3815 1303 3902 Ephesius
1327 3820 1379 3884 vel

230 3915 436 4004 geographus
456 3924 488 3979 et
502 3915 764 4001 Aristophaneus
779 3915 831 3979 vel
847 3918 1079 4002 grammaticus
1095 3917 1145 3982 his
1168 3921 1248 4004 ipsis
1268 3921 1378 4007 appol—

231 4017 408 4084 lationihus
430 4016 551 4081 additis
574 4016 722 4080 consulto
743 4016 900 4103 distingui
920 4017 1082 4082 videntur.
1127 4018 1261 4083 Rectius
1278 4021 1382 4102 igitur

232 4117 434 4186 Fritasohins
455 4139 487 4205 p.
510 4121 561 4182 29.
584 4119 742 4203 suspicari
764 4120 895 4184 videtur
917 4121 1133 4205 (argumentis
1152 4129 1260 4184 temen
1279 4122 1379 4187 nullis

231 4221 368 4307 additis)
387 4221 630 4300 Artemidorum
659 4221 935 4307 Aristophanoum
959 4243 1023 4284 non
1046 4221 1212 4286 diversum
1240 4245 1315 4286 esse
1339 4223 1379 4288 ab

233 4325 304 4402 illo,
325 4343 421 4412 quern
444 4322 561 4387 Strabo
581 4337 641 4384 x1v
664 4345 694 4408 p.
716 4327 789 4387 675.
808 4325 892 4387 inter
910 4323 1014 4387 claros
1040 4323 1217 4387 Tarsenses
1234 4322 1287 4386 his
1308 4345 1379 4390 ver·

231 4427 283 4488 bis
306 4432 549 4489 commemorat:
573 4421 792 4505 γραμματικοὶ
813 4419 848 4486 δὲ
868 4408 986 4489 elvard
1008 4420 1250 4508 συγγράμματα
1273 4427 1378 4506 ἔστιν,
