2980 5048
232 391 267 438 VI
623 391 634 422 ⁸
697 383 907 434 PRAEFATIO.

232 560 313 648 ipsis
336 557 402 623 illie
426 557 624 622 carminibus
647 557 844 644 praemissas
867 554 1006 637 bahent,
1026 555 1061 618 in
1082 552 1290 618 Scholiorum
1314 573 1398 618 cor·
1465 575 1466 626 g

255 684 294 726 us
316 670 459 748 recepta.

232 687 254 750 p
319 769 510 829 Carantonus
537 763 571 826 in
606 764 794 826 Theocriticr's
815 765 999 826 Lectionibus
1029 759 1078 844 (in
1103 756 1204 844 Vign.
1227 777 1258 820 a.
1291 759 1398 836 1589,

235 866 354 933 deinde
376 865 502 930 auctius
523 866 557 929 in
578 865 702 929 Ocnum.
725 879 747 931 1.
770 865 865 946 1596)
889 883 931 926 ex
949 860 1061 925 codice
1077 859 1265 924 Genevensi
1284 880 1396 945 quac-

237 969 312 1034 darn
334 967 497 1054 protraxit
518 989 579 1031 nec
602 967 710 1030 minus
732 967 768 1030 in
791 961 865 1028 aliis
893 963 1145 1028 commentariis.
1192 959 1258 1041 Qui
1281 983 1395 1047 quum

238 1071 271 1134 in
302 1069 505 1156 praefatione
538 1067 604 1132 illis
637 1069 819 1155 praemissa
846 1065 1038 1153 profiteatur
1064 1086 1099 1128 se
1126 1063 1255 1128 duobus
1290 1061 1394 1127 libris

237 1171 466 1257 manuscriptis
495 1191 588 1234 usum
617 1192 706 1252 esse,
732 1168 835 1234 altero
860 1167 1027 1232 Theocriti
1050 1165 1153 1231 altero
1174 1163 1393 1246 scholiastae,

238 1372 454 1460 Harlejannm
484 1395 556 1436 esse
585 1373 681 1437 docui
708 1373 747 1436 Τ.
771 1390 793 1436 1.
818 1397 850 1462 p.
872 1389 956 1436 nult.
1001 1371 1137 1435 Minime
1159 1392 1239 1434 vero
1262 1369 1387 1434 Cassu-

238 1477 342 1543 bonns
372 1475 567 1539 Vaticanum
594 1474 735 1563 aliquem
769 1473 887 1540 librum
922 1473 1103 1559 consuluit,
1136 1481 1173 1536 ut
1204 1471 1384 1538 Wartonus

239 1575 423 1663 suspicatus
440 1587 505 1660 est3
527 1599 602 1641 narn
620 1576 725 1642 codex
741 1577 924 1658 Romanus,
942 1575 1029 1640 unde
1046 1573 1264 1640 Casaubonus
1279 1597 1308 1661 p.
1320 1575 1382 1635 279

239 1679 411 1744 lectionem
444 1679 583 1766 profert,
617 1689 666 1743 est
693 1679 793 1744 editio
821 1677 988 1763 Calliergi.
1034 1675 1249 1742 Memorabile
1277 1685 1383 1740 tamen

239 1790 305 1864 est,
334 1779 420 1868 quod
448 1779 492 1845 ad
516 1780 654 1846 Theocr.
684 1797 788 1863 xvnr,
818 1786 836 1845 5
865 1781 945 1846 dicit
971 1801 1006 1844 se
1028 1781 1190 1866 reperisse
1214 1778 1385 1843 lectionem

241 1877 516 1966 κατεκλάχετο
547 1873 621 1946 ἀντὶ
649 1881 711 1946 τοῦ
739 1876 916 1966 ἐκληρώθη
950 1892 983 1944 et
1011 1881 1054 1947 ad
1079 1904 1130 1946 vs.
1160 1884 1179 1946 8
1205 1901 1249 1944 ex
1273 1879 1383 1944 eodem

215 2027 216 2030 =
241 1985 324 2050 libro
345 1981 438 2068 χερσὶ
457 1983 703 2068 περιπλέκτοις,
725 2008 824 2072 quum
847 2007 890 2050 ex
906 1983 990 2049 Gen.
1014 1982 1158 2048 Adortus
1175 1982 1218 2047 ad
1236 1991 1383 2046 nonnum

242 2086 347 2153 locum
370 2086 496 2174 aliquid
519 2088 711 2152 enotaverit.
756 2087 880 2154 Vereor
902 2107 942 2150 ne
964 2085 1015 2149 hic
1039 2083 1195 2150 scholiola
1218 2071 1254 2148 iri
1277 2083 1385 2148 codice

242 2190 363 2275 scripta
384 2187 493 2275 aliquo
516 2211 593 2253 casu
615 2189 875 2276 praeterviderit.

330 2289 516 2355 Editionem
532 2289 668 2354 Sculteti
688 2292 802 2356 ducem
823 2299 962 2378 sequuta
979 2298 1029 2354 est
1046 2291 1164 2364 Helas,
1186 2286 1247 2352 ubi
1265 2286 1386 2352 scholia

237 2391 383 2478 ¹singulis
416 2391 615 2456 carminibus
654 2395 819 2480 apposita,
857 2389 1060 2479 Xylandreis
1098 2390 1250 2472 omissis3
1287 2388 1389 2453 multa

243 2493 338 2558 modo
361 2491 490 2556 felicius
511 2493 607 2558 modo
628 2494 793 2560 infelicius
809 2475 933 2557 mutata
951 2501 1042 2575 sunt3
1064 2492 1105 2558 de
1120 2489 1291 2558 nonnullis
1309 2489 1389 2555 locis

237 2594 400 2659 *Ileinsius
423 2594 520 2658 etiam
537 2595 570 2658 in
593 2595 807 2664 Lectionibus
827 2593 1041 2662 Theocriticis
1061 2593 1256 2682 disputavit.
1290 2593 1388 2657 Hein-

244 2697 370 2761 sianam
398 2694 571 2760 lectionem
599 2696 668 2762 fere
697 2699 898 2784 repetierunt
927 2696 1086 2762 editiones
1115 2695 1329 2760 Oxonienses
1360 2718 1389 2760 a.

248 2799 338 2862 1676.
363 2805 396 2862 et
416 2799 495 2864 1699
517 2796 589 2884 (Ox.
612 2804 638 2862 I.
661 2799 724 2880 II.)
750 2799 813 2863 nisi
834 2798 921 2886 quod
944 2799 1049 2885 spatio
1072 2806 1247 2885 parcentes
1271 2795 1391 2861 breves

244 2897 441 2992 hypotheses
465 2921 485 2962 a
509 2899 673 2986 Calliergo
702 2899 835 2997 scholiis
858 2900 900 2964 ad
932 2898 1062 2984 singula
1085 2898 1201 2986 idyllia
1223 2898 1391 2988 praefixas

245 3001 314 3066 fere
348 3001 526 3066 omiserunt
556 3011 589 3066 et
616 3001 769 3068 lemmata
794 3001 828 3064 in
856 3001 940 3086 sigla
966 3011 1118 3066 truncata
1144 3009 1391 3080 contraxerunt,

243 3105 372 3186 utne
401 3101 455 3168 Al.
477 3123 536 3189 pro
570 3108 665 3168 otuu
693 3096 725 3168 δ’
761 3097 856 3186 αἶγα
883 3097 990 3188 λάβῃ
1021 3102 1152 3187 τῆνος.
1197 3102 1275 3183 Qua
1297 3105 1331 3168 in
1356 3127 1390 3168 re

246 3227 356 3293 saepo
371 3203 645 3271 inconsultissime
667 3214 775 3269 actum
805 3213 869 3288 est,
904 3205 1001 3270 modo
1035 3204 1101 3269 illis
1134 3203 1243 3270 verbis
1274 3205 1391 3271 delatis

246 3331 310 3397 quo
332 3307 556 3394 interpretatio
579 3308 736 3395 pertinet,
759 3306 855 3372 modo
880 3309 983 3394 ipsius
1002 3307 1281 3395 interpretationis
1298 3317 1391 3395 parte

246 3409 391 3492 sublata,
415 3410 443 3474 si
466 3430 504 3472 ea
522 3409 557 3474 in
579 3407 742 3496 prioribus
761 3407 960 3474 editionibus
974 3431 1146 3497 perperam
1161 3431 1220 3496 pro
1239 3408 1388 3474 lemmate

246 3511 360 3576 habita
382 3518 484 3593 esset3
507 3508 630 3574 scholia
651 3510 695 3575 ad
711 3509 899 3598 Syringcm,
919 3509 1089 3595 Seserem,
1107 3511 1202 3576 Alam
1226 3531 1302 3576 cum
1325 3509 1385 3575 illis

247 3612 327 3698 ipsis
342 3611 540 3676 carminibus
556 3611 688 3699 abjecta
707 3607 792 3677 sunt.
821 3611 992 3678 Editiones
1004 3611 1232 3680 Londinenses
1248 3635 1279 3677 a.
1301 3614 1387 3677 1729.

250 3716 342 3778 1713.
368 3715 466 3792 1759,
498 3735 578 3801 quas
608 3717 677 3801 ipso
700 3735 765 3778 non
792 3713 879 3792 vidi,
908 3713 1221 3800 teste-Schweigero
1243 3715 1280 3778 in
1304 3713 1388 3780 Bibl.

250 3812 356 3890 Closs.
379 3829 400 3877 1.
422 3835 454 3900 p.
479 3817 540 3878 310
562 3815 761 3881 Oxoniensis
789 3817 977 3904 posterioris
1011 3818 1151 3881 vitiosae
1177 3817 1390 3903 repetitiones

249 3923 342 3998 sunt,
365 3937 470 4003 neque
488 3915 708 3982 Londinensis
730 3939 760 3982 a.
780 3921 878 4002 1738,
901 3939 997 4006 quam
1021 3941 1086 3984 non
1102 3919 1207 4003 magis
1224 3921 1389 4004 cognitam

248 4017 367 4100 babeo,
389 4017 484 4082 aliter
505 4040 540 4083 se
563 4018 724 4084 habuerit.

335 4123 499 4185 Reiskr'ono
522 4121 622 4188 editio
645 4141 676 4184 a.
701 4125 780 4188 1765
805 4122 928 4187 scholia
946 4122 1123 4187 secundnm
1145 4121 1388 4188 Londinenscm

251 4245 279 4288 a.
307 4223 385 4286 1729
411 4243 568 4309 expressa
596 4222 709 4306 habet,
739 4224 797 4289 sed
827 4225 1004 4290 secundum
1027 4223 1108 4288 Call.
1133 4232 1251 4289 exacta
1271 4225 1388 4312 (quan-

252 4325 432 4414 quamhoc
455 4326 561 4390 rarius
577 4325 697 4389 factum
722 4347 819 4413 quarn
834 4326 968 4412 vellem)
988 4335 1021 4392 et
1043 4326 1181 4392 subinde
1198 4347 1239 4391 ex
1257 4327 1388 4412 ingenio

252 4425 433 4506 emendata,
447 4427 514 4490 vid.
533 4425 638 4490 Praef.
661 4424 731 4492 Vol.
749 4443 772 4490 1.
791 4449 822 4512 p.
843 4445 966 4511 xxxv.;
986 4428 1109 4494 codicis
1133 4429 1262 4514 Lips.‘¹·,
1285 4451 1381 4515 quem

129 1271 133 1276 ’
238 1272 323 1337 hunc
352 1293 423 1336 esse
454 1271 572 1336 librum
599 1271 828 1336 Genevensenr
858 1271 929 1357 ipso
958 1277 1089 1334 auctore
1114 1276 1258 1350 constat,
1290 1265 1389 1330 illum
1467 1296 1468 1342 t
