2968 5060
495 1125 888 1227 rnnnrlrro.
970 1055 971 1058 Ὗ

334 1499 360 1590 ξ
389 1498 420 1568 1.
471 1498 526 1572 De
552 1499 668 1593 copiis
688 1499 1052 1576 Sanctamandiauis.

200 1661 320 1741 Quum
350 1670 427 1727 ante
455 1685 519 1728 sec.
549 1681 654 1750 xvut,
691 1667 720 1729 si
748 1667 804 1753 qui
831 1665 1060 1731 Bucolicorum
1090 1666 1260 1732 codicibus

115 1768 359 1855 manuscriptis
382 1771 434 1834 usi
455 1779 547 1854 sunt,
571 1773 672 1836 tacite
692 1771 761 1836 fere
783 1773 835 1836 usi
858 1781 968 1835 essent
982 1794 1088 1858 neque
1104 1771 1172 1836 ulla
1186 1795 1259 1838 con-

116 1877 263 1956 stantia,
292 1896 332 1938 eo
356 1874 465 1940 seculo
487 1877 621 1942 ineunte
649 1883 777 1944 Iacobm
796 1881 1039 1941 Succlamandus
1061 1875 1199 1964 (Jaques
1220 1877 1262 1941 de

117 1981 183 2044 Sct
200 1981 368 2066 Amand),
389 1981 519 2046 iuvenis
534 1981 714 2049 Britannus
731 1987 791 2049 vix
806 1983 1002 2066 vigesimum
1018 2005 1140 2047 annum
1156 2006 1262 2068 egres-

117 2109 190 2170 sus,
213 2085 389 2151 laudabile
410 2089 582 2154 consilium
603 2091 690 2178 cepit
713 2087 881 2156 codicibus
901 2087 1104 2153 Theocritcis
1124 2087 1260 2174 diligen-

116 2202 168 2258 tcr
189 2191 326 2258 collatis
349 2195 428 2258 crisi
450 2199 572 2260 certius
594 2195 843 2261 fundamentum
864 2191 1014 2279 parandi.
1061 2193 1126 2275 Qui
1144 2183 1179 2262 in
1194 2195 1259 2261 Ita-

117 2299 199 2364 liam
224 2298 414 2386 profectus,
442 2311 557 2387 postea
583 2301 618 2364 in
640 2299 799 2382 Galliam,
824 2319 1013 2384 perennes
1040 2304 1258 2366 1706-1710

117 2405 235 2491 largas
255 2413 288 2470 et
302 2403 497 2472 utilissimas
522 2408 634 2494 copias
659 2406 825 2470 variarum
846 2403 1033 2487 lectionum,
1054 2405 1258 2492 scholiorum,

119 2511 310 2598 glossarum
329 2512 505 2596 congessit.
551 2512 642 2593 Quas
662 2532 778 2597 quum,
800 2509 919 2574 edendi
934 2508 1100 2575 Theocriti
1122 2513 1258 2578 consilio

120 2627 242 2704 postca
261 2617 407 2700 abiecto,
428 2619 573 2683 moriens
593 2617 722 2681 circiter
746 2637 776 2679 a.
801 2619 881 2678 1750
899 2615 1118 2682 bibliothecae
1139 2617 1258 2683 Bodle-

123 2725 221 2788 ianae
242 2720 447 2809 reliquisset,
469 2726 594 2812 primus
614 2722 662 2786 eis
684 2720 861 2786 Wartonus
885 2743 963 2786 usus
986 2723 1092 2788 estin
1116 2723 1258 2789 editione

121 2853 151 2894 a.
177 2833 260 2895 1770
279 2829 419 2912 emissa,
441 2830 538 2894 simul
560 2829 595 2892 in
615 2825 824 2891 Praefatione
850 2826 889 2891 de
912 2828 1152 2893 Sanctamando
1175 2830 1258 2892 eius-

122 2960 186 3025 que
209 2934 415 3024 supellectile
436 2935 631 3000 Theocritca
655 2930 794 3018 amplius
818 2931 983 2998 disserens
990 2984 999 3016 ,
1022 2933 1141 2998 deinde
1164 2933 1258 2998 Gais-

123 3043 251 3108 fcrdius
273 3064 304 3106 a.
328 3043 409 3105 1816
415 3089 424 3123 ,
449 3041 566 3105 tertius
591 3037 870 3103 Wordsworthius
893 3061 922 3103 a.
949 3042 1040 3103 1844.
1084 3039 1260 3103 Praeterea

123 3149 235 3236 copias
259 3146 574 3211 Sanctamandianas
595 3144 771 3228 descripsit
793 3141 918 3208 Coxius
940 3145 975 3208 in
1003 3149 1258 3222 0111119000ᾱί-

123 3275 190 3319 cum
212 3257 488 3332 Manuscriptorum
504 3255 707 3316 Bibliothecae
721 3251 919 3311 Bodleianue.
944 3252 1053 3310 Oxom't
1074 3259 1159 3312 1853.
1182 3270 1257 3334 pag.

125 3361 184 3424 898
215 3381 325 3446 seqq.,
354 3357 463 3419 minus
487 3355 618 3443 quidem
648 3374 746 3441 quam
774 3349 894 3415 vellem
916 3361 1076 3416 accurate.
1122 3351 1258 3440 Compa-

125 3466 204 3530 ratis
224 3485 318 3543 vero,
339 3483 423 3549 quae
445 3469 586 3549 quatuor
604 3459 653 3525 illi
675 3458 740 3524 viri
757 3457 908 3523 Britanni
928 3458 1150 3542 tradiderunt,
1173 3461 1258 3525 inter

126 3571 283 3659 reliquias
307 3565 540 3632 Sanctamandi
569 3566 718 3631 codicum
739 3563 962 3630 bucolicorum
985 3565 1175 3631 collationes
1200 3564 1255 3652 (de

126 3675 257 3742 scholiis
281 3683 315 3738 et
330 3672 448 3758 glossis
464 3695 523 3736 suo
542 3671 613 3738 loco
629 3671 789 3756 dicemus)
806 3671 868 3736 hae
883 3682 997 3737 extare
1013 3672 1256 3758 intelliguntur:

210 3783 241 3866 1)
267 3779 565 3844 Laurentianorum
591 3801 624 3860 p.
646 3801 673 3842 r.
694 3779 770 3864 1.*),
799 3799 879 3864 quos
902 3779 973 3865 ipse
999 3775 1257 3842 Sanctamandus

124 3893 335 3970 excusserat,
361 3884 460 3973 idque
487 3885 667 3950 secundum
700 3881 858 3970 Stephani
885 3883 1062 3948 editionem
1089 3881 1256 3964 maiorem,

125 4004 160 4059 ut
181 4001 321 4081 apparet
343 4013 386 4054 ex
408 3991 479 4056 eius
503 3989 717 4057 adnotatione
739 3989 782 4054 ad
803 3987 854 4052 Id.
882 4013 919 4071 v,
939 3989 990 4054 99.
1013 4011 1065 4075 ap.
1089 3987 1195 4052 Wart.
1225 4009 1256 4072 p.

126 4105 197 4166 371.
245 4097 361 4164 Codex
378 4096 525 4180 Paliani,
548 4098 641 4162 cuius
661 4094 792 4160 collatio
821 4103 953 4160 auctore
984 4093 1091 4160 Ooxio
1118 4093 1154 4156 in
1183 4090 1257 4155 Vol.

125 4203 315 4272 Sctamand.
347 4204 398 4264 21.
427 4207 533 4282 extat,
570 4197 598 4265 is
631 4221 703 4265 esse
732 4200 879 4282 videtur,
913 4221 1009 4288 quem
1040 4223 1067 4264 r.
1102 4199 1257 4280 diximus,

195 4407 223 4470 ⁸)
242 4405 298 4455 Hic
316 4409 344 4454 et
363 4401 566 4468 persequentia
580 4403 681 4453 nostris
697 4399 823 4452 codicum
834 4400 911 4464 siglis
925 4401 1088 4459 1111111111,
1106 4413 1157 4448 nec
1169 4397 1257 4453 minus

130 4491 237 4559 singula
254 4489 351 4558 idyllia
370 4489 519 4542 secundum
537 4487 619 4540 huius
638 4487 767 4540 editionis
786 4486 908 4538 ordinem
925 4483 1137 4550 designavimus.
