2946 5046
567 399 775 452 PRAEFATIO.
1161 403 1245 456 Lxx!

80 567 237 654 junctu
267 573 404 638 retinui.
451 573 691 638 Gaissordianis
713 573 875 640 lemmatis
903 577 936 640 in
967 575 1100 642 scholiis
1123 577 1164 642 ab
1187 579 1247 645 hoc
1322 635 1326 644 .

84 672 194 756 primo
217 674 362 760 prolatis
385 673 461 761 plns
483 673 692 740 tribuendum
718 685 783 758 cst,
804 698 907 763 quare
930 675 1011 742 haec
1038 677 1093 742 vel
1116 685 1247 746 servavi

84 772 139 836 rel
161 777 438 840 commemoravi.

177 924 325 990 Glossac
350 927 578 992 interlineares
607 949 774 1014 nunquam
798 925 950 994 lemmata
970 929 1105 1014 habent,
1130 935 1247 1020 margi-

84 1025 183 1090 nales
210 1049 308 1110 raro3
339 1049 440 1116 quare
458 1031 574 1116 'posita
603 1029 645 1094 ab
674 1029 855 1094 editoribus
887 1033 996 1108 omisi,
1020 1043 1246 1122 praeterquam

85 1127 146 1192 ubi
178 1127 330 1194 dubitari
361 1151 458 1216 posse
485 1129 673 1214 videbatur,
702 1151 767 1217 quo
797 1129 907 1216 glossa
929 1135 1117 1218 pertineret.
1162 1135 1246 1200 'l'um
1282 1135 1321 1194 ⁴-
1355 1129 1361 1138 ’

87 1249 172 1292 vero
190 1238 314 1316 poe‘tae
329 1230 448 1312 verbs,
468 1253 531 1318 quo
551 1233 725 1318 pertinent,
746 1229 933 1318 (aliquoties
950 1255 992 1297 cx
1011 1236 1082 1322 ipso
1098 1236 1245 1302 codicum

87 1339 186 1396 textu
211 1334 327 1396 verius
356 1333 492 1420 scripta)
521 1333 779 1420 circumscripsi3
811 1335 839 1396 si
870 1356 934 1421 qua
967 1341 1070 1422 panda
1095 1338 1247 1404 lemmata

88 1433 281 1518 glossarum
315 1432 546 1518 marginalium
580 1435 709 1498 uncinis
743 1443 870 1513 carent,
902 1456 941 1499 ea
973 1439 1007 1500 in
1040 1439 1119 1524 ipsis
1152 1440 1246 1505 libris

89 1534 245 1619 praefixa
264 1535 430 1620 leguntur.
459 1533 499 1598 In
518 1533 636 1620 glossis
652 1543 823 1624 praeterea
837 1535 924 1601 haud
945 1559 1020 1602 raro
1039 1542 1136 1604 tacite
1151 1543 1246 1606 omisi

91 1633 293 1722 particulam
316 1637 597 1720 interpretativum
621 1628 729 1720 ἤγουν
752 1644 785 1700 et
806 1634 872 1701 alia
892 1637 1012 1702 inania.

181 1790 218 1874 6)
243 1788 285 1852 In
302 1786 539 1874 Etymologiois
555 1798 587 1852 et
602 1789 690 1876 apud
707 1789 917 1854 Eustathium
939 1800 1036 1876 atque
1051 1791 1246 1877 Gregorium

96 1890 308 1955 Corinthium
334 1889 496 1976 quaedam
519 1889 671 1975 leguntur
692 1913 734 1956 ex
757 1889 890 1956 scholiis
912 1891 1115 1957 Theocriteis
1137 1897 1247 1980 petita,

96 1988 187 2077 quae'
205 1993 240 2056 in
261 1989 460 2057 scholiorum
485 1990 577 2056 libris
600 1991 837 2058 desiderantur.
882 1993 933 2058 Ea
956 1994 1144 2080 recipienda
1169 1995 1248 2060 duxi

96 2107 257 2179 tanquam
281 2094 497 2176 integriorum
525 2079 721 2158 scholiorum
756 2093 922 2182 reliquias.
969 2092 1163 2182 Quanquam
1191 2096 1248 2160 ali-

97 2197 227 2280 quoties
249 2193 395 2258 dubitari
417 2202 540 2280 potest,
566 2215 642 2258 num
669 2195 753 2260 sorte
776 2195 941 2262 Eustathii
971 2207 1004 2260 et
1026 2197 1180 2282 Gregorii
1193 2199 1248 2261 ·in-

97 2296 352 2383 terpretationcs
378 2295 493 2359 horum
521 2297 664 2382 ipsorum
686 2298 829 2380 ingeniis
851 2297 1042 2363 debeantur.
1095 2298 1248 2364 Fortasse

100 2399 198 2460 etiam
222 2395 386 2483 Hesychii
416 2395 546 2480 glossae
574 2397 698 2484 aliquot
719 2406 752 2462 ct
773 2396 883 2463 Photii
906 2409 1003 2485 atque
1027 2399 1147 2464 Suidae
1170 2423 1249 2489 pau-

101 2499 269 2579 cissimae,
290 2517 373 2584 quas
394 2518 497 2583 aeque
517 2499 602 2562 inter
622 2498 745 2564 scholia
759 2501 870 2588 posui,
892 2501 934 2566 sd
951 2503 1150 2588 antiquiores
1164 2502 1248 2589 glos·

103 2597 283 2686 ecgraphos
305 2598 438 2664 scholiis
453 2598 655 2664 Theocritcis
678 2601 822 2666 nondum
840 2623 916 2666 usos
939 2604 1142 2668 revocandae
1163 2617 1247 2686 sunt,

103 2711 137 2764 ut
155 2701 326 2766 Ameriam
345 2699 388 2764 cl.
410 2705 441 2783 9.
467 2707 504 2782 l,
525 2703 556 2765 3.
584 2700 677 2782 Quae
699 2725 743 2766 ex
764 2702 898 2768 scholiis
925 2707 1110 2770 etiamnunc
1139 2727 1248 2792 super-

105 2804 235 2868 stitibus
259 2801 377 2866 hausta
399 2802 486 2888 apud
516 2803 646 2868 eosdem
669 2812 702 2867 et
723 2804 805 2870 alios
827 2807 1002 2891 scriptores
1025 2805 1192 2892 leguntur,
1215 2809 1248 2871 in

104 2903 204 2969 Varia
225 2903 384 2968 Lectione
407 2905 459 2968 vel
481 2905 515 2967 in
530 2906 752 2972 Adnotetione
771 2917 1022 2972 commemorata
1042 2917 1129 2972 sunt.
1174 2909 1248 2972 Plu-

103 3008 183 3070 rima
211 3007 285 3090 cjus
306 3007 438 3089 generis
462 3011 628 3070 Pluucrini
652 3012 869 3074 dictionarium
892 3009 991 3074 habet
1018 3011 1062 3094 (a.
1086 3009 1248 3074 1513110-

103 3129 173 3171 mae
203 3127 256 3193 ap.
288 3105 490 3193 Oslliergum
513 3108 667 3194 editum),
698 3111 790 3194 cujus
812 3119 976 3175 atrctorem
999 3109 1195 3174 scholiorum
1217 3120 1250 3174 et

104 3211 319 3274 vetustiorum
343 3218 377 3273 et
399 3211 615 3276 recentiorum
635 3211 730 3276 libris
747 3213 979 3296 manuscriptis
998 3233 1091 3275 usum
1112 3231 1184 3274 esse
1198 3231 1249 3274 sr-

102 3321 207 3396 guunt
227 3311 322 3375 multi
345 3321 558 3398 utrorumque
590 3314 653 3377 loci
683 3323 716 3376 et
743 3313 916 3393 lectiones,
946 3312 987 3376 de
1014 3311 1133 3397 quibus
1160 3332 1250 3397 prae-

9 3393 11 3416 *
102 3423 233 3477 tersae
256 3411 336 3478 solis
352 3413 520 3479 codicibus
533 3423 671 3478 constat.
719 3413 868 3478 Eundem
889 3413 1054 3477 Theocriti
1075 3414 1250 3478 editionem

102 3514 143 3578 ah
163 3515 282 3579 eodem
301 3513 466 3600 Calliergo
486 3525 609 3601 septem
629 3518 726 3581 annis
740 3525 816 3580 ante
835 3517 985 3580 emissem
1002 3537 1067 3580 non
1083 3516 1251 3600 ignorasse

103 3627 133 3680 et
154 3639 213 3702 per
235 3637 271 3680 se
293 3615 464 3702 probabile
484 3628 534 3682 est
556 3627 589 3682 ct
611 3618 722 3682 multis
744 3618 824 3682 locis
842 3639 915 3682 cum
936 3616 1158 3702 Callicrgiana
1176 3641 1251 3682 con·

102 3727 151 3782 tra
170 3717 303 3784 codices
324 3719 590 3815 conspirantibus
608 3719 792 3785 confirmari
813 3720 960 3802 videtur3
979 3719 1061 3784 adeo
1078 3718 1250 3808 aliquoties

102 3817 226 3884 scholia
241 3819 426 3885 vetustiora
441 3829 474 3884 et
488 3823 670 3886 recentiora
685 3822 772 3908 apud
789 3813 1010 3888 Plravorinum
1028 3822 1140 3887 eodem
1156 3823 1252 3887 modo

103 3921 381 4007 conjunctasunt
402 3943 465 4009 quo
488 3924 522 3986 in
546 3921 786 4008 Calliergiana‚
817 3931 852 3986 ut
877 3945 909 4010 p.
945 3927 1019 4006 134,
1046 3926 1190 3987 12-15,
1219 3935 1253 3987 et

102 4045 132 4108 p.
156 4027 235 4105 351,
262 4025 436 4106 14-353,
466 4029 513 4090 lb.
539 4024 607 4089 vid.
630 4023 718 4088 Adn.
763 4024 879 4112 Itaque
902 4025 1141 4102 Plravorinum‚
1165 4025 1251 4088 unde

102 4127 226 4209 priores
246 4145 355 4210 pauca
377 4125 537 4212 quaedam
561 4125 804 4207 delibaverant,
834 4127 1009 4212 diligenter
1030 4135 1253 4214 perscrutatus

106 4225 221 4308 (editio
235 4225 441 4312 Basileensis
464 4247 493 4290 a.
518 4229 598 4291 1538
620 4226 663 4290 sd
681 4247 795 4290 manus
812 4228 888 4311 luit)
904 4249 944 4292 ea
957 4230 1162 4316 potissimum
1177 4225 1253 4286 inde

106 4327 373 4410 commemoravi,
396 4349 479 4414 quae
508 4349 528 4392 a
559 4327 643 4400 Call.
671 4329 717 4392 ite
739 4329 925 4410 discedunt,
956 4339 993 4392 ut
1016 4351 1058 4392 ex
1084 4323 1252 4389 codicibus

107 4429 339 4516 manuscriptis
357 4439 414 4494 aut
431 4431 612 4496 certissimo
628 4434 836 4496 manaverint
854 4439 910 4494 ant
927 4429 1032 4494 rideri
1047 4425 1173 4513 possint
1188 4445 1254 4488 ma·
