2968 5060
226 411 339 459 LXVIII
695 409 904 458 Paterculo.

228 572 260 630 in
281 570 420 632 Lotireum
441 585 604 628 romonem
625 569 791 629 traductae.
839 566 945 642 Tiyuri
957 565 1078 626 Escod.
1097 565 1267 644 christoph.
1290 567 1383 628 Fro-

226 677 385 736 schooerus
406 677 441 734 A.
464 675 508 734 M.
523 675 559 734 D.
571 675 692 736 XLIII.
707 673 764 747 soi.

315 784 402 843 Geso.
421 776 478 865 ΙΙ.]
503 782 628 842 Ioannis
649 781 769 840 Stohoei
789 779 958 841 Sententiae
978 785 1040 840 eto.
1067 775 1175 861 (utin
1198 775 1308 840 Gesn.
1336 777 1379 862 1.)

230 888 382 950 Bosiieoe.
426 883 467 946 In
490 883 596 947 ealce:
624 885 766 946 Basileoe
793 902 834 943 eo
855 885 907 958 off.
929 886 1054 944 Ioannis
1074 883 1211 960 Oporr'ui,
1238 889 1380 962 sumpti-

230 997 283 1056 ims
305 995 510 1070 Christophori
537 992 733 1052 Froschooeri
754 991 797 1048 M.
809 991 846 1048 D.
858 990 974 1050 XLIX.
1004 984 1060 1050 sol.
1085 1023 1127 1033 -
1149 987 1243 1050 Haeo
1266 987 1379 1051 editio

231 1094 444 1182 intelligenda
466 1102 533 1174 est,
561 1092 618 1158 ubi
641 1091 725 1177 siglo
750 1097 836 1155 Gesu.
867 1094 919 1156 usi
947 1113 1069 1156 sumus.
1115 1090 1377 1158 InTit.Lx111.

230 1201 332 1284 (LXI.)
356 1196 432 1280 περὶ
451 1190 647 1280 Ἀφροδίτης
670 1191 849 1280 πανδήμου
870 1207 944 1284 post
958 1220 1007 1262 nr.
1024 1199 1076 1260 29.
1099 1196 1269 1284 complura
1293 1207 1376 1286 pois·-

229 1307 296 1372 tioa
318 1304 418 1369 habet
425 1352 434 1384 ,
457 1325 541 1390 quae
564 1324 663 1389 quum
686 1301 761 1367 inde
787 1303 821 1365 iu
848 1312 1022 1389 sequentes
1045 1303 1206 1368 editiones
1229 1305 1375 1368 transis·

229 1420 318 1492 sent,
336 1431 357 1472 a
376 1408 567 1474 Gaisfordio
592 1411 697 1473 eiecta
717 1417 809 1490 sunt,
832 1409 910 1494 quia
928 1408 1048 1474 desunt
1068 1411 1104 1474 in
1125 1409 1238 1475 Trinc.
1264 1409 1373 1475 Genu.

230 1534 253 1580 1.
273 1525 306 1580 et
327 1515 512 1594 codicibus,
535 1513 623 1578 houd
646 1514 745 1578 dubie
766 1535 786 1576 a
804 1513 951 1579 Gesnero
973 1514 1103 1600 addita,
1125 1517 1181 1603 qui
1204 1517 1239 1580 in
1256 1513 1372 1579 Praei.

231 1623 283 1687 ed.
301 1640 338 1685 11.
363 1621 547 1709 profitetur,
577 1641 612 1684 se
641 1622 764 1706 passim
787 1621 980 1684 adiunxisse
1000 1620 1181 1687 Corollaria
1204 1621 1372 1710 quaedam

184 1792 190 1812 .
233 1751 277 1794 ex
297 1728 435 1793 Graecis
458 1727 552 1791 libris
571 1725 718 1792 collecte.
763 1725 804 1789 Iu
825 1747 936 1790 eorum
956 1749 1090 1793 numero
1111 1728 1194 1793 haee
1213 1727 1371 1794 bucolica

230 1835 398 1920 leguntur:
422 1833 555 1898 lnc.1v.
573 1830 711 1898 Theeer.
726 1849 804 1914 xm,
818 1836 869 1896 67.
886 1835 936 1896 68.
963 1833 1054 1920 (iude
1074 1833 1117 1898 ab
1137 1825 1204 1899 ὁδ’
1222 1820 1272 1920 oi).
1294 1852 1369 1917 xlv,

232 1943 528 2022 50-5o.x11,15.
552 1942 601 2004 16.
635 1939 761 2008 Moseh.
786 1956 808 2022 1,
831 1943 966 2003 74-76.
997 1938 1258 2024 Theocr.xx111‚
1283 1943 1368 2004 22³.-

232 2049 283 2110 24.
308 2047 400 2132 (inde
420 2045 462 2110 ab
485 2035 503 2108 ὁ
526 2041 566 2107 δέ
583 2044 662 2128 τοι).
693 2043 763 2110 Ine.
787 2061 853 2128 vll,
880 2048 928 2110 18.
961 2042 1098 2110 Theocr.
1122 2051 1365 2130 V111,60—63.

233 2169 303 2235 xli,
328 2157 357 2215 ·l.
378 2155 407 2215 2.
433 2155 483 2214 10.
509 2154 558 2212 11.
592 2148 717 2214 Mosch.
742 2167 779 2214 11.
814 2150 951 2215 Theocr.
975 2168 1028 2233 x1,
1055 2153 1157 2217 1-3,
1182 2155 1303 2241 (usque
1324 2154 1366 2217 ad

233 2257 404 2342 πιερίδες).
444 2257 481 2320 13
504 2252 561 2339 (ab
584 2244 602 2318 ὁ
628 2249 665 2317 di
684 2249 761 2344 cciv)
780 2297 822 2306 —
843 2255 934 2345 [16.],
964 2261 1073 2322 omnia
1102 2269 1258 2345 tanquam
1282 2259 1365 2324 The·

233 2364 327 2427 ocriti
348 2369 479 2449 praeter
502 2359 625 2422 Moseh.
649 2376 686 2424 11.
731 2363 898 2428 Gesnerus
921 2366 955 2428 in
982 2363 1034 2427 his
1060 2364 1203 2430 editione
1227 2366 1305 2431 Bas.
1328 2385 1362 2430 11.

232 2487 312 2530 usus
332 2487 404 2530 csse
426 2466 557 2531 videtur
577 2475 805 2556 praeterquam
834 2471 869 2533 in
890 2469 1016 2534 Moseh.
1039 2486 1094 2552 ΙΙ.,
1125 2472 1213 2558 quod
1232 2495 1362 2538 carmen

232 2573 340 2660 potius
362 2593 405 2635 ex
424 2571 644 2657 Anthologiae
666 2573 777 2660 aliquo
798 2575 942 2640 editione
964 2577 1174 2665 exscriptum.
1220 2579 1360 2668 Sequen-

232 2687 282 2741 tes
299 2677 459 2743 editiones
482 2680 683 2766 antiquiores
703 2681 873 2769 Florilegii
897 2683 1074 2748 Stoboeaui
1094 2706 1161 2748 nou
1183 2686 1343 2753 consului.

318 2789 413 2866 Cant]
443 2791 567 2850 Ioannis
594 2790 713 2852 Stohoei
738 2793 920 2867 Eciocurum
947 2794 1019 2853 libri
1037 2793 1099 2866 ΙΙ.,
1128 2811 1253 2869 coruum
1279 2802 1361 2873 prior

230 2896 385 2972 physicos,
411 2900 557 2970 posterior
582 2899 695 2958 ethicos
726 2899 945 2973 corrpiectitur,
980 2917 1062 2960 nunc
1089 2903 1222 2976 prinmo
1254 2921 1360 2977 oreore

231 3002 304 3060 editi
323 3004 483 3076 interprete
507 3003 583 3063 osor.
608 3003 743 3064 Contere.
786 3004 837 3062 Es·
859 3005 927 3064 hihi.
951 3005 979 3065 I.
1002 3005 1151 3066 Somhuei.
1177 3011 1359 3085 Autrerpioe.

231 3123 283 3182 op.
308 3108 339 3166 C.
363 3109 542 3168 Ptoutiuum.
567 3116 653 3169 1575.
676 3105 732 3172 foi.
778 3104 963 3170 Secundum
982 3106 1091 3172 Praei.
1115 3117 1242 3174 textum
1263 3113 1358 3178 Grae-

232 3231 305 3274 cum
327 3213 435 3299 potius
456 3211 638 3278 Sambucus
659 3213 788 3278 curavit
808 3233 906 3299 quem
928 3212 1099 3280 Cantems.

399 3395 435 3486 ξ.
459 3394 514 3466 10.
553 3393 751 3470 versiones
776 3395 936 3468 Latinae
958 3395 1197 3486 antiquiores.

501 3532 535 3615 a)
557 3532 761 3598 Poeticae.

317 3631 433 3719 Philet]
465 3633 594 3721 Septem
628 3639 772 3725 priorum
802 3639 968 3704 Theocriti
1004 3640 1191 3728 idyliiorum
1225 3644 1354 3709 imitatio

233 3735 362 3820 poetica
383 3736 417 3801 in
438 3738 522 3804 libro
546 3742 616 3808 sine
640 3741 735 3807 titulo
752 3742 805 3807 vel
822 3743 1078 3834 subscriptione,
1104 3751 1175 3812 sine
1194 3751 1354 3834 signatura

233 3849 265 3904 et
286 3843 480 3926 paginarum
506 3850 730 3914 numeratione
759 3851 798 3913 20
820 3849 889 3915 foll.
919 3857 949 3915 4.
994 3853 1034 3916 In
1062 3875 1137 3940 pag.
1163 3859 1190 3918 1.
1216 3864 1266 3919 est
1287 3861 1352 3920 Phi-

231 3953 335 4011 tete'cos
356 3955 394 4012 dc
409 3959 468 4016 vito
494 3958 642 4020 Theocriti
661 3962 692 4020 io
712 3961 787 4020 tiore
810 3962 959 4037 depactis
980 3968 1110 4039 antiquis
1131 3961 1278 4046 (cannen
1297 3963 1352 4026 ele-

231 4054 393 4138 giacum),
416 4066 485 4120 tum
507 4079 583 4145 pag.
607 4063 637 4124 2.
661 4066 821 4127 Phileticus
842 4071 949 4130 inuicto
971 4071 1110 4146 Priotipi
1129 4071 1275 4131 Federico
1292 4071 1354 4131 duri

236 4162 378 4223 Urhiuoto
391 4161 568 4248 (dedicatio
587 4164 759 4254 elegiaca).
790 4169 871 4256 Peg.
891 4173 920 4236 3.
937 4171 1053 4260 incipit
1073 4220 1092 4254 ‚,
1099 4175 1270 4236 Theocritus
1282 4180 1349 4236 soi-

228 4273 304 4346 psit,
328 4272 488 4333 Phileticos
509 4273 646 4334 Lotioum
659 4277 742 4349 feeit.
777 4279 952 4343 Bucolicum
973 4299 1104 4343 cormere.
1137 4281 1197 4343 Res
1212 4289 1281 4342 octo
1298 4283 1349 4360 Sy-

233 4381 378 4437 racusio.“
422 4375 556 4440 claudit
584 4375 704 4443 librum
729 4380 881 4448 Philetiei
911 4406 1042 4449 cannen
1072 4383 1219 4448 distichis
1250 4406 1348 4450 eonce-

233 4487 324 4562 ptum
346 4480 389 4544 ud
410 4487 595 4550 Eucherium
617 4491 758 4565 Aroirion
781 4490 1026 4576 impressorem,
1052 4490 1085 4555 h.
1109 4513 1137 4555 e.
1160 4489 1348 4555 Eucherium
