2946 5046
582 387 792 448 saturasse.
1182 389 1253 444 LXV

102 563 185 628 satis
205 571 336 628 eertum
360 562 498 630 videtur.
544 562 658 650 Neque
686 585 764 628 vero
791 585 865 629 raro
893 561 1018 630 scholia
1039 567 1199 630 vetustius
1222 573 1255 632 st

101 665 269 728 recentius
299 666 336 728 in
371 666 616 730 continuitatem
638 664 757 750 juncta
786 673 863 729 sunt
891 687 956 731 nou
986 665 1090 730 solnm
1118 667 1254 732 secundi

102 769 255 829 lemmate
278 765 482 852 reliquisque
503 767 581 831 novi
610 765 725 830 scholii
746 765 878 830 indiciis
901 767 1046 848 omissis,
1074 766 1253 831 sedetiam

99 866 240 930 alterius
269 865 325 932 vel
357 868 526 953 utriusque
549 866 697 954 partibus
726 865 857 950 deletis,
884 877 920 932 ut
938 888 970 953 p.
993 872 1051 950 32,
1077 871 1118 934 30
1150 889 1254 954 seqq,

100 991 134 1052 p.
158 970 217 1050 34,
241 972 280 1030 ll
306 989 415 1054 seqq„
435 993 466 1056 p.
487 972 545 1051 45,
572 973 607 1032 15
632 991 722 1054 seqq.
742 977 802 1032 etc.
847 968 1031 1055 Aliquoties
1055 972 1154 1035 etiam
1176 991 1254 1056 pan-

100 1071 192 1134 ciora
224 1068 330 1135 verba
364 1091 406 1134 ex
438 1063 542 1135 altero
572 1067 696 1134 scholio
724 1071 758 1133 in
785 1069 928 1134 medium
957 1071 1095 1136 alterum
1122 1080 1255 1157 recepta

101 1179 194 1250 sunt,
218 1178 257 1232 ut
269 1193 303 1256 p.
324 1167 384 1252 37,
407 1173 540 1254 5-62,
564 1172 930 1254 16—210,18-223,
953 1174 1004 1238 22.
1049 1172 1142 1236 Haec
1163 1171 1254 1236 scho-

101 1268 221 1334 liorum
238 1272 458 1336 vetustiorum
472 1281 505 1336 et
523 1273 740 1336 recentiorum
760 1272 909 1365 confusio
927 1276 1045 1361 partim
1065 1273 1254 1338 Plauudeae

101 1371 287 1436 redactioni
310 1371 424 1438 deberi
445 1373 591 1450 videtur,
613 1373 648 1436 id
670 1373 759 1459 quod
779 1375 921 1438 ruaxime
937 1379 1120 1463 apparet'p.
1139 1378 1191 1457 37,
1211 1381 1252 1456 5.,

101 1471 158 1534 ubi
173 1471 365 1557 Calliergus
381 1473 484 1538 verba
501 1475 571 1559 jam
590 1495 690 1560 supra
707 1497 738 1560 p.
753 1477 811 1555 36,
826 1477 875 1539 12.
895 1498 954 1540 sno
972 1476 1042 1542 loco
1064 1478 1097 1540 in
1113 1477 1252 1542 SchVet.

104 1575 210 1658 posita
230 1575 291 1638 vix
311 1576 515 1660 repetiisset,
536 1578 600 1640 nisi
622 1577 656 1638 in
678 1575 858 1662 exemplari
879 1576 1074 1642 scholiorum
1097 1578 1254 1642 recentio-

106 1697 174 1738 rum
198 1676 348 1738 inventa.

145 1909 182 2002 ς.
214 1911 250 1980 t.
277 1909 334 1981 Ile
354 1909 648 2003 Ptolegomenis,
675 1911 961 2007 Hypothesibus
987 1915 1028 1985 et
1053 1909 1207 1986 Glossis.

141 2078 145 2085 ’
195 2085 228 2168 1)
251 2083 293 2146 In
311 2083 556 2174 Prolegomenis
578 2096 611 2151 et
627 2085 875 2174 Hypothesibus
895 2086 1075 2151 vetustiora
1097 2095 1130 2151 et
1144 2109 1254 2152 receu-

105 2187 188 2249 tiora
210 2206 277 2248 non
300 2185 455 2268 distinxi,
473 2189 550 2273 quia
571 2209 678 2274 pauca
699 2190 812 2254 insunt
833 2211 854 2252 a
875 2189 1110 2253 recentissimis
1127 2188 1252 2274 Byzan·

105 2287 181 2350 tinis
203 2287 335 2368 addite,
359 2308 497 2372 quorum
519 2288 673 2376 pleraque
703 2289 800 2354 lacile
825 2299 994 2377 apparent.
1038 2288 1089 2354 Eo
1111 2291 1147 2353 in
1176 2288 1254 2354 Pro·

106 2387 287 2472 legemenis
308 2390 473 2474 pertinent
495 2389 636 2454 Taetzea
657 2413 688 2476 p.
713 2393 748 2472 2,
771 2395 813 2473 6.,
836 2413 879 2455 ex
901 2391 970 2456 solo
992 2391 1031 2456 F.
1053 2399 1198 2474 enotata,
1221 2400 1254 2454 et

106 2487 277 2556 Plauudea
298 2512 330 2575 p.
354 2491 390 2572 8,
407 2492 458 2554 22.
488 2490 736 2577 Epigrammata
758 2507 803 2556 1V.
818 2501 851 2557 et
866 2509 910 2574 ν,
930 2493 1081 2580 quamvis
1098 2494 1251 2574 recentia,

105 2589 373 2676 hloschopuleam
403 2599 511 2656 tamen
544 2585 688 2658 aetat'em'
718 2603 883 2678 superant.
934 2594 1061 2660 Ibidem
1095 2593 1252 2660 librorum

106 2692 164 2756 hae
185 2693 395 2779 potissimum
415 2692 559 2758 familiae
581 2694 741 2780 distingui
761 2706 914 2781 possunt:

188 2775 341 2877 ephiba
359 2795 550 2860 vetustioris
570 2795 768 2860 redactionis
789 2798 818 2860 3.
842 2800 873 2861 5.
896 2799 947 2863 23.
966 2797 1005 2862 Β.
1026 2797 1069 2862 D.
1092 2798 1130 2862 P.
1151 2795 1190 2877 Q.
1213 2797 1252 2861 Z.

105 2895 203 2962 aldr-
242 2895 414 2960 Adhaeret
435 2897 534 2960 etiam
557 2901 584 2960 l.
603 2897 637 2959 in
651 2895 816 2983 ea'parte,
838 2921 936 2986 quam
955 2921 1070 2964 manus
1088 2900 1253 2985 antiquior

106 2999 237 3085 scripsit
262 3001 301 3082 (l.
325 3008 358 3061 et
380 3014 440 3062 vn.
463 2997 518 3081 F.)
541 3007 574 3062 et
592 2996 766 3085 aliquoties
789 2999 890 3083 Gem,
910 3001 966 3087 qui
988 3001 1022 3064 in
1047 2999 1253 3084 Prolegome-

106 3101 155 3164 nis
176 3099 401 3164 redactionem
427 3121 470 3162 ex
489 3099 593 3164 Gen*
619 3107 652 3162 et
674 3099 781 3164 Gena-
805 3101 943 3165 mixtam
968 3100 1089 3166 hahere
1111 3100 1251 3166 videtur.

189 3201 226 3284 h)
249 3199 478 3266 Recentiorem
500 3199 644 3288 aliquam
661 3205 884 3268 recensionem
904 3210 1085 3288 sequuntur
1104 3205 1134 3280 2,
1151 3201 1252 3266 Borb.

105 3303 210 3390 Lips.,
233 3303 417 3368 arctissime
439 3306 524 3367 inter
547 3327 581 3368 sc
601 3304 727 3390 juncti,
758 3304 878 3392 quibus
900 3302 1092 3392 plerumque
1114 3303 1199 3366 Gen.
1222 3311 1255 3366 et

106 3403 188 3470 Call.
212 3403 394 3468 adhaerent
418 3411 450 3468 et
473 3404 678 3490 inpartibus
700 3427 721 3468 a
743 3407 924 3470 recentiore
946 3424 1045 3467 manu
1070 3404 1200 3487 scriptis
1226 3407 1253 3466 l.

188 3506 221 3589 c)
259 3504 303 3582 Ε.
326 3505 365 3568 F.
389 3503 429 3568 N.
451 3505 547 3572 modo
568 3527 642 3570 eum
669 3508 776 3594 prima
799 3503 926 3571 familia
949 3505 1138 3592 conspirant
1157 3505 1253 3570 modo

104 3631 176 3672 cum
199 3606 363 3688 secunda,
389 3606 561 3693 aliquoties
584 3609 682 3672 etiam
705 3611 838 3696 propria
859 3605 990 3672 habent.

189 3707 332 3774 Codices
355 3707 408 3772 hie
439 3708 613 3796 aliquoties
642 3707 741 3773 aliam
768 3709 926 3776 familiam
949 3715 1130 3796 sequuntur
1155 3719 1253 3796 atque

105 3813 138 3874 in
160 3809 312 3892 scholiis,
343 3808 439 3874 modo
461 3810 548 3896 quod
579 3811 810 3897 prolegomena
832 3833 874 3876 ex
897 3811 1010 3875 eodem
1033 3808 1123 3874 fonte
1144 3832 1254 3874 urana·

105 3921 179 3976 mnt
201 3910 291 3976 unde
313 3919 442 3993 textus,
465 3910 598 3976 scholiis
614 3923 729 4000 postea
743 3912 876 3977 aliunde
899 3911 1053 3999 adjectis,
1077 3919 1112 3974 ut
1135 3913 1168 3976 in
1191 3913 1254 3990 23,

105 4013 200 4080 modo
223 4011 313 4098 quod
332 4011 390 4076 illa
408 4013 572 4077 recentius
594 4013 741 4102 praefixa
763 4022 839 4078 suut
859 4022 895 4076 ut
915 4015 950 4078 in
970 4011 1062 4098 Lips.
1105 4012 1254 4096 Moscho-

106 4115 201 4202 pulus
223 4113 466 4199 Prolegomeua
483 4116 633 4180 omisisse
655 4114 786 4180 videtur
808 4135 914 4200 neque
936 4115 1043 4178 minus
1059 4111 1254 4190 Tricliuius3

107 4237 210 4303 neque
233 4217 321 4280 enim
345 4214 514 4302 probabile
536 4227 586 4280 est
608 4220 642 4281 in
665 4215 1016 4292 rediscumbere
1037 4212 1255 4288 intercidisse,

107 4320 297 4404 praesertim
326 4338 426 4402 quum
459 4320 556 4382 etiam
573 4335 606 4382 'a
634 4319 901 4402 conjunctissimo
931 4315 1044 4381 codiee
1067 4313 1109 4375 Κ.
1138 4311 1254 4374 abesse
1317 4303 1325 4316 “

94 4419 290 4486 ¹rideantur.
338 4415 498 4484 Redectio
520 4417 690 4485 Plauudea
712 4421 746 4483 in
768 4417 912 4484 secunda
932 4414 1136 4504 potissimum
1160 4409 1254 4474 fami·

171 4539 306 4579 BUGOUOE
325 4538 373 4576 GR·
392 4537 425 4578 ll.
1033 4535 1050 4582 θ
