2980 5048
596 393 804 444 PRAEFATIO.
1183 395 1269 443 XXIX

120 573 150 625 et
169 585 194 626 s.
207 585 241 624 v.
265 563 574 630 Αἴνειαε...Θέων
596 557 628 628 δ’
652 561 831 640 Αἰνειάδος
852 559 980 648 ταύτην
1000 567 1097 630 ’καλεῖ-
1115 557 1270 650 ὑπομνη-

120 665 262 745 ματιζων
283 657 347 728 τάν
363 662 579 749 Λυκόφρονα
599 666 742 752 (tm),
758 667 838 752 ipsis
854 667 998 731 Theonis
1010 666 1121 731 verbis
1134 689 1270 753 sequen·

119 765 214 828 tibus.
262 766 395 830 Eodem
429 769 570 852 pertinet
603 766 668 830 alia
698 766 785 854 apud
818 767 958 830 eundem
990 771 1271 832 commemoratio:

117 856 375 949 Ἀργυρῑνοι,
400 862 779 950 lenocinamento,
802 858 847 942 sic
867 870 1002 950 Τίμαιος
1017 865 1072 932 καὶ.
1092 867 1199 947 Θέων,
1216 867 1271 934 καλ

119 962 317 1050 Λυκόφρων
333 969 462 1054 (1017.)
480 971 548 1032 κτλ.
593 973 780 1049 Apollonium
800 973 948 1032 Rhodium
966 969 1057 1034 Theo
1079 971 1271 1055 interprete-

118 1079 171 1131 tus
204 1079 255 1133 est
293 1069 477 1148 secundum
506 1071 776 1157 subscriptionem
797 1059 857 1136 'vel
888 1072 997 1157 potius
1026 1071 1270 1157 inscriptionem

120 1169 323 1234 scholiorum
342 1173 379 1234 in
395 1159 509 1256 ‘Apoll
525 1164 721 1251 παράκειται
741 1163 782 1233 τά
803 1166 920 1253 σχόλια
940 1169 977 1235 ἐκ
994 1171 1061 1236 τάν
1077 1173 1270 1236 Λουκίλλου

123 1275 301 1354 Ταρραιόυ
328 1269 385 1336 καὶ
415 1270 636 1353 Σοφοκλέους
664 1269 719 1336 καὶ
749 1271 883 1348 Θέωνος
914 1271 970 1356 (cf.
1001 1273 1138 1337 Merkel.
1162 1275 1270 1339 Praei.

119 1397 150 1459 p.
179 1375 315 1454 nuru),
344 1372 433 1436 unde
465 1371 540 1436 olim
566 1374 690 1437 scholia
716 1375 750 1438 in
778 1374 947 1459 Aristoph.
971 1373 1055 1438 Nub.
1080 1377 1151 1438 397.
1173 1376 1270 1440 inter-

119 1475 232 1559 polata
256 1486 363 1538 erant.
409 1473 483 1537 Huc
505 1474 598 1538 traho
621 1474 732 1561 steph.
754 1475 836 1562 Byz.
865 1497 891 1537 s.
912 1497 943 1538 v.
970 1467 1085 1549 ’Ἀλοςε
1116 1475 1211 1540 Θέων
1235 1475 1275 1540 δέ

120 1592 245 1658 φησιν,
271 1568 323 1639 ὅτι
345 1569 444 1650 ’Ἅλυς
462 1569 654 1657 θεράπαινα
673 1563 717 1658 ἦν
734 1568 942 1658 Ἀθάμαντος
968 1567 989 1659 ἡ
1011 1571 1190 1658 μηνύσασα
1210 1570 1271 1660 τὴν

116 1664 189 1736 'Issi
210 1669 362 1757 φρύγειν
383 1670 424 1740 τά
444 1674 632 1759 σπέρματα,
655 1661 696 1758 ἧς
715 1679 761 1751 εἰς
781 1668 879 1760 τιμὴν
902 1669 962 1760 τὴν
984 1671 1085 1740 πόλιν
1106 1669 1270 1762 ὠνόμασε,

122 1775 322 1860 quibuscum
345 1778 388 1842 cf.
414 1777 587 1865 SchApoll.
610 1795 652 1858 11,
672 1781 745 1841 514.
764 1771 1043 1862 Ἀθαμάντιον
1065 1773 1101 1842 ot
1117 1782 1272 1844 πεδίον
1290 1843 1292 1848 ,

122 1867 213 1939 οὕτω
237 1871 454 1962 καλούμενον
477 1875 552 1961 περὶ
574 1871 636 1962 τὴν
653 1869 767 1944 Ἅλον.
811 1879 998 1944 Meinekius
1021 1880 1054 1942 in
1076 1878 1190 1944 Indice
1216 1879 1272 1944 illa

123 1977 164 2042 ad
198 1977 347 2044 Theonis
383 1982 649 2044 commentarium
681 1983 714 2044 in
744 1980 992 2068 Lycophronem
1022 1979 1143 2044 retulit.
1188 1980 1272 2044 Tum

123 2080 292 2145 Theonem
319 2089 449 2146 constat
478 2083 512 2144 in
540 2085 726 2146 Nicandrum
756 2091 1007 2148 commentatcnn
1040 2103 1127 2146 csse:
1161 2081 1271 2167 Steph.

123 2183 205 2268 Byr.
234 2206 260 2246 ι.
281 2206 315 2246 v.
345 2177 486 2265 Κορότιη
513 2191 585 2268 post
608 2183 777 2248 laudatum
800 2183 1001 2247 Nicandrum
1030 2181 1067 2246 ἐν
1093 2187 1273 2266 Θηριακοῖς

123 2307 173 2347 vs.
187 2287 261 2348 613.
283 2285 358 2370 (ubi
378 2287 584 2370 Κοροιιαῖος)
600 2285 634 2347 οἱ
651 2279 691 2348 dl
710 2277 1044 2370 άπομνηματίσαντες
1059 2275 1164 2348 αὐτὸν
1176 2283 1272 2347 Θέων
1295 2354 1301 2366 Ν
1411 2339 1416 2355 ,

123 2383 180 2455 καὶ
205 2380 428 2467 Πλούταρχος
456 2385 512 2448 καὶ
537 2382 730 2469 Δημήτριος
757 2391 846 2467 κτλ,
872 2385 1008 2450 SchNic.
1033 2385 1093 2450 Th.
1118 2389 1186 2449 137.
1217 2384 1271 2470 (de

123 2481 311 2572 χλοάουσα)
333 2485 430 2551 Θέων
452 2483 488 2551 δὲ
512 2485 549 2551 ἐν
573 2479 787 2572 ὑπομνήματι
802 2482 1006 2570 χλοάζουσα,
1030 2486 1181 2552 olderico.
1210 2487 1270 2550 Po·

123 2601 247 2653 stremo
268 2589 310 2652 de
333 2590 566 2652 commentario
593 2591 627 2652 in
651 2589 874 2654 Pindarum
896 2589 1005 2674 colligi
1023 2611 1119 2676 possa
1141 2587 1272 2652 videtur

122 2713 166 2754 ex
182 2691 309 2754 scholio
333 2689 374 2753 ad
389 2689 442 2754 01.
455 2708 487 2772 v,
504 2694 555 2755 42.
580 2691 620 2755 de
640 2681 759 2754 Ἰθαλον
785 2683 919 2772 άντρον,
943 2693 995 2755 cui
1018 2691 1166 2754 additum
1182 2681 1270 2754 οὕτω

123 2791 222 2857 Θέων
240 2794 357 2874 φησίν.
404 2789 551 2876 (Scholia
575 2793 697 2856 Aratea
720 2794 820 2877 uulgo
848 2793 975 2858 Thooni
998 2791 1126 2856 cuidam
1150 2791 1269 2856 adscri-

122 2879 181 2980 pta
212 2892 364 2958 consulto
392 2895 624 2978 praetermisi.)
670 2893 709 2956 In
743 2895 998 2980 interpretandis
1027 2895 1133 2980 potitis
1161 2915 1270 2957 versa·

123 2995 246 3058 bantur
269 2996 367 3058 etiam
390 2992 533 3072 Λέξεις
554 2996 751 3078 κωμικαί,
774 3017 855 3081 quas
877 2994 1041 3060 'Phaonem
1066 2997 1271 3078 congessisse

125 3095 287 3183 Hesychii
314 3096 503 3160 testimonio
532 3097 567 3160 in
594 3096 704 3160 Praef·
732 3107 869 3186 constat.
913 3097 1017 3181 Cujus
1047 3095 1149 3161 verba
1173 3095 1209 3158 οἱ
1235 3091 1272 3158 δὲ
1329 3101 1336 3116 ’

125 3189 184 3272 ’τὰς
206 3189 356 3280 κωμικὰς
374 3197 444 3282 ἰδίᾳ
466 3198 719 3282 (συντεθείκασι
741 3198 857 3282 λέξεις)
880 3195 936 3261 καὶ
955 3190 1013 3272 τὰς
1033 3189 1208 3280 τραγικάς,
1227 3187 1272 3268 sis

125 3297 223 3364 Θέων
249 3295 303 3363 καλ
325 3299 479 3380 Δίδυμος
501 3294 556 3362 καὶ
578 3296 686 3382 ἕτεροι
702 3299 874 3390 Ιτοιοῦτοι,
898 3319 998 3384 quum
1019 3298 1154 3363 dubium
1176 3296 1272 3361 relin-

124 3413 243 3487 quant,
276 3411 387 3466 utrum
415 3399 506 3464 Theo
534 3409 689 3486 utrasque
721 3400 824 3478 λέξεις
851 3400 1042 3465 tractaverit
1070 3420 1112 3460 an
1141 3396 1273 3482 alteras,
1389 3393 1408 3448 '-

124 3527 168 3567 ex
190 3506 314 3568 comico
337 3503 409 3588 ejus
431 3501 538 3566 lexico
561 3504 626 3569 duo
641 3503 783 3568 frustula
804 3503 934 3568 nomine
955 3501 1066 3566 addito
1082 3511 1271 3586 supersunt:

126 3605 303 3692 Phrynioh.
320 3604 409 3692 Epir.
430 3627 463 3690 p.
482 3607 554 3668 377.
572 3597 750 3688 σαιιράν,
775 3605 810 3668 ολ
824 3599 940 3668 πολλοὶ
957 3593 1031 3666 άντλ
1045 3601 1107 3666 τοῦ
1121 3596 1269 3684 αἰσχράν.

127 3701 224 3771 Θέων
248 3703 354 3790 φησὶν
378 3697 396 3769 ὁ
419 3698 644 3790 γραμματικὸς
667 3696 780 3788 εὑρεῖν
805 3697 896 3789 παρά
917 3695 1122 3789 Φερεκράτει
1149 3704 1270 3787 ληρῶν.

126 3801 256 3873 ἅκαντα
277 3801 343 3890 γὰρ
366 3797 388 3870 ά
412 3802 509 3892 φέρει
529 3802 696 3892 μαρτύρια
718 3804 771 3872 ἐπὶ
793 3807 854 3872 τοῦ
877 3807 1022 3872 παλαιοῦ
1049 3803 1103 3870 καὶ
1126 3805 1271 3889 σεσηπό-

125 3933 181 3985 τος
197 3904 337 3994 κείμενά
354 3908 461 3992 ἐστιν,
480 3913 550 3974 tum
565 3909 710 3997 Hesych.
733 3912 993 3974 Σκίταλοι-
1012 3903 1109 3974 Θέων
1129 3903 1166 3971 δέ
1189 3924 1271 3990 φησι

126 4007 322 4076 πεπλάσθαι
343 4005 495 4095 τοῦνομα
523 4014 585 4096 (sic
607 4022 695 4077 recte
718 4011 902 4095 Schowius,
930 4010 1023 4075 θεοῖν
1045 4019 1077 4076 et
1102 4004 1271 4090 τούνόμου
1322 4039 1335 4062 ·

125 4115 211 4199 cod,
236 4096 321 4180 θεόν
342 4125 376 4178 ct
397 4107 456 4179 τὸν
477 4107 586 4196 νόμον
607 4114 696 4199 vulg.
721 4137 765 4178 cx
786 4113 880 4195 Ald„
909 4135 1094 4200 quanquam
1117 4113 1271 4174 Musurus

126 4213 220 4283 Θέων
247 4217 415 4298 voluerat,
444 4210 542 4280 Θέων
571 4225 603 4279 et
624 4207 661 4279 τὸ
690 4207 797 4299 ὄνομα
819 4215 900 4278 Tan.
925 4215 1066 4297 Faber),
1095 4214 1152 4295 qui
1179 4208 1269 4274 locus

122 4323 264 4406 pertinet
289 4317 333 4384 ad
356 4315 524 4403 Aristoph.
550 4317 634 4404 qu.
660 4319 751 4398 634„
778 4317 834 4381 ubi
856 4317 889 4379 in
918 4314 1018 4380 schol.
1042 4299 1270 4392 ιιὲκλασταιὴ

121 4417 216 4502 λέξις.
263 4420 412 4486 Theonis
435 4419 566 4486 lexicon
584 4419 744 4504 tragicum
768 4419 809 4484 ab
831 4415 1043 4504 Hesychius.
1067 4437 1100 4478 v.
1125 4402 1270 4493 ἀγνῶτες
