2948 5050
574 377 693 428 τοττι..
714 377 748 428 v.
772 375 824 428 τι.
846 375 871 428 1.
1238 361 1297 426 179

153 555 219 613 ται,
256 522 325 596 ύπό
357 531 421 596 τοῦ
448 533 591 615 πλησίον
621 521 642 616 ἢ
670 527 761 598 Πασλ
789 526 1023 614 κακοπνημοις.
1059 529 1098 594 Ε.
1127 529 1154 596 Ι.
1181 529 1225 596 M.
1255 531 1295 596 Y.

152 634 251 700 Gen?
267 633 364 720 Lips.
389 630 566 714 ΙΣάτυροι]
592 617 686 698 οὗτοι
712 623 776 715 γὰρ
798 630 955 715 έιιίφοροι
981 623 1066 716 πρὸς
1089 623 1148 707 τός
1168 649 1297 700 συνου-

150 739 230 812 σίας.
259 735 387 818 Gen.⁸·)

523 861 537 894 θ

576 907 879 918 -ιι-ι-μ--ι

641 1124 741 1233 ldyll.
771 1128 809 1208 V.

228 1285 469 1378 Ἐπιγρύφεται
486 1287 549 1378 μὲν
563 1285 601 1358 τό
621 1287 731 1376 παρόν
750 1287 921 1358 είδύλλιον
937 1277 1123 1374 Αίιτολικόν
1138 1291 1193 1360 καλ
1209 1299 1294 1360 Hot—
1313 1311 1329 1362 ὀ

146 1393 308 1478 μενικόν·
338 1395 375 1460 οί
394 1391 432 1460 δέ
453 1389 686 1479 διαλεγόμενοι
707 1388 865 1480 ἀλληλοις
886 1391 950 1460 είσλ
970 1389 1126 1480 Κομότας
1148 1394 1203 1461 καλ
1225 1391 1296 1462 Λό-

148 1520 230 1562 κων.
272 1498 415 1583 Δωρίδι.
438 1537 479 1546 -
512 1489 716 1578 (Αίπυλικόυ
745 1495 800 1562 καὶ
822 1492 1037 1583 Ποιμενικόν.
1079 1496 1294 1586 ἃραματικόν.

149 1597 187 1662 C.
208 1599 251 1664 D.
274 1597 313 1664 F.
337 1599 379 1664 Κ.
400 1569 456 1664 M?
468 1599 508 1664 N.
534 1599 573 1680 Q.
589 1637 633 1650 -
661 1599 847 1682 Θεοκρίτου
871 1597 1118 1664 Βουκολιασταλ
1140 1597 1296 1686 Κυμοὶτας
1322 1687 1325 1694 ,

149 1697 204 1765 καὶ
225 1693 359 1766 Λύκων.
384 1703 428 1766 Μ.
458 1742 499 1750 -
528 1691 565 1765 Ὁ
591 1696 748 1785 Κομότας
775 1691 793 1766 ὁ
818 1698 960 1783 Λύκων,
996 1694 1133 1776 αἰπόλος
1159 1697 1294 1787 ποιμήν.

147 1801 240 1891 Lips.
262 1840 307 1854 -
333 1797 639 1889 Δραματικύτερου
661 1803 700 1868 δέ
720 1802 790 1868 έστι
819 1796 856 1868 τό
879 1797 1059 1868 είδύλλιον.
1098 1792 1294 1886 Ὀδοιιτόρος
1316 1821 1346 1872 10

148 1902 186 1968 έν
202 1906 345 1987 Δωρίθι.
384 1899 543 1990 Κομότας
561 1901 616 1970 καλ
630 1901 765 1970 Λύκων.
790 1906 896 1971 Θοολ·
934 1907 1123 1989 προλογίςει
1138 1899 1174 1968 θλ
1189 1895 1209 1968 ὁ
1223 1909 1294 1970 Κο-

146 2003 263 2091 μάτας.
294 2030 325 2072 v.
353 2005 380 2071 l.
403 1999 510 2100 Θεό)
527 2045 569 2056 -
592 1998 715 2072 Ἰστέον
737 1999 788 2072 ότι
809 2003 864 2072 καὶ
885 2009 923 2072 ἐν
947 2006 993 2096 τῷ
1016 2000 1158 2087 παρόντι
1179 2007 1295 2071 είβυλ-

148 2111 208 2194 λίρι
230 2110 364 2192 Δωρίδι
385 2109 540 2193 κέχρηται
563 2102 743 2193 Θεόκριτος
764 2107 936 2196 διαλέκτῳ.
968 2107 1010 2173 Κ.
1031 2107 1076 2172 Μ.
1101 2107 1154 2194 Ρ.)

233 2213 447 2294 (Δημητρίου
462 2210 523 2275 τοῦ
542 2211 746 2294 Τρικλιυίου.
786 2203 831 2274 Τό
847 2203 957 2293 παρόν
972 2205 1144 2284 είδύλλιον
1157 2204 1294 2292 σύγκει-

147 2333 201 2375 ται
219 2307 276 2376 καί
298 2303 383 2376 αύτό
408 2309 446 2376 έιι
469 2303 592 2394 στίχων
614 2311 825 2377 θακτυλικῶν
846 2310 1033 2394 ἑξαμέτρων
1055 2303 1295 2396 ἀκαταλήπτων
1314 2337 1344 2388 15

146 2409 216 2497 ρν’,
248 2398 297 2478 τόν
325 2417 530 2488 τελευταῖος·
565 2415 608 2478 αἰ
639 2409 690 2497 μή
717 2437 765 2479 τυ
792 2409 1013 2497 φλύσαιμι,
1048 2407 1293 2506 Μελάνθιος
1325 2493 1337 2514 ·

147 2508 244 2580 ἀντὶ
266 2509 446 2600 Κομότα.
475 2507 537 2597 Μ.)

662 2649 721 2716 Vs.
751 2655 777 2716 1.

241 2794 302 2853 Vel.
333 2781 468 2876 [Αἶνος
489 2782 556 2871 ἐμὲ
579 2785 706 2871 τῆνον
727 2779 799 2851 τόν
820 2786 999 2872 ποιμένα
1020 2779 1090 2852 τόν
1112 2789 1291 2872 συβαρί-

147 2889 246 2978 ταν.]
272 2889 548 2974 (Συβαρίτανε
579 2881 639 2956 τόν
665 2880 941 2974 ἆπόΣυβόρεως
962 2884 1100 2964 πόλεως.
1139 2883 1291 2973 Σύβαρις
1308 2905 1345 2959 θο

148 2987 185 3056 δὲ
208 2987 262 3056 καλ
287 2991 418 3074 Θουρία
444 2981 465 3074 ἡ
489 2982 583 3075 αὐτή.
625 2982 708 3074 μετὰ
733 2982 799 3074 γὰρ
826 2983 863 3056 τό
892 2991 1142 3075 καθαιρεθῆναι
1166 2985 1293 3074 ταύτην

147 3084 213 3157 ύιιό
234 3090 481 3176 Κροτωνιατῶν
502 3092 537 3156 οί
560 3084 736 3176 Ἀθηναῖοι
759 3087 918 3168 ἐλθόντες
945 3086 1080 3182 ᾤκησόν
1105 3113 1140 3156 τε
1168 3076 1294 3176 ταύτην

146 3191 202 3260 καλ
218 3194 372 3276 Θουρίαν
389 3189 670 3278 προσηγόρευσαν
688 3186 755 3259 ἆιιό
770 3215 861 3270 τινος
876 3189 1001 3280 κρήνης
1015 3195 1171 3275 Θουρίας.
1208 3187 1294 3259 Θεό-

145 3319 259 3380 κριτος
276 3290 313 3360 θλ
328 3294 454 3383 διιστᾷ,
477 3292 532 3359 καὶ
552 3289 659 3380 ἄλλην
673 3290 734 3380 την
750 3299 903 3382 Θουρίαν
923 3294 1012 3380 λέγει
1033 3282 1088 3361 κἀλ
1104 3288 1210 3380 όλλην
1232 3287 1294 3378 τὴν

147 3397 314 3484 Σύβαριν.
360 3397 449 3481 λέγει
471 3389 535 3480 γὰρ
558 3391 793 3482 παρακατιύν’
956 3455 958 3460 .
1310 3417 1344 3470 25

274 3491 336 3564 ἅδε
357 3523 409 3564 τοι
431 3491 453 3562 ύ
472 3502 598 3585 ποίμυα
619 3501 665 3566 το]
680 3505 815 3585 Θουρίω
838 3495 907 3563 ἐστὶ
926 3493 1105 3582 Συβόρτα,

274 3593 418 3685 Εύμόρα
438 3596 475 3665 δὲ
497 3600 555 3678 τὰς
573 3597 668 3686 αἶγας
689 3593 769 3690 ὁρῇς
789 3603 867 3685 φίλε
888 3601 934 3666 τύ
954 3601 1139 3684 Συβαρίτα.

144 3707 191 3788 3.)
211 3741 255 3754 -
283 3695 363 3767 Τόν
384 3707 642 3786 Συβαρίταυε
667 3699 818 3790 Σύβαρις
840 3697 937 3780 πόλις
955 3694 1132 3788 Ἰταλίαςῆ
1154 3694 1219 3768 ἀπὸ
1241 3704 1293 3770 υί-

145 3804 264 3872 κιστοῦ
280 3797 372 3882 τινός
392 3794 412 3888 ἢ
434 3795 500 3870 ἆιιό
518 3801 702 3892 Συβάρεως
719 3805 881 3892 ποταμού.
921 3804 987 3870 νύν
1001 3800 1038 3871 δὲ
1052 3807 1294 3892 (Συβαρίτην)

178 3983 203 4045 ι)
223 3973 330 4030 πύνετι
353 3981 429 4046 Lipu.
480 3980 614 4044 11)Ηιιοο
633 3980 700 4032 inl.
737 3979 851 4046 Κίειιλ.)
902 3979 948 4046 28)
968 3976 1097 4046 llGen.¹²·
1123 3979 1175 4032 hoo
1199 3980 1294 4032 initio:

141 4061 203 4118 μοιι
221 4065 285 4103 κιαι
306 4049 468 4116 hypothesin
485 4055 591 4116 partem
609 4050 703 4118 legun·
735 4043 795 4100 τὸν
810 4049 857 4100 Συ
866 4048 890 4118 β.
905 4039 924 4115 ἢ
939 4039 1031 4115 ὄνομα
1043 4041 1152 4108 πόλεως
1167 4041 1225 4099 ἀπὸ
1238 4043 1293 4100 οίιι.

142 4127 199 4184 tur,
214 4135 288 4188 quse
302 4119 341 4170 ibi
353 4121 381 4170 in
392 4119 496 4172 scholia
506 4121 542 4172 nd
554 4123 602 4172 Vs.
617 4125 641 4174 1.
655 4121 703 4170 ab·
736 4135 760 4170 τ.
770 4112 788 4185 ἢ
800 4111 828 4172 ύ.
840 4119 873 4174 Σ,
887 4117 1027 4185 ποταμοῦ.
1047 4112 1105 4170 ἔστι
1117 4115 1149 4170 δέ
1160 4109 1231 4183 αύτὴ
1245 4111 1296 4168 κύ·

142 4193 251 4244 enuit.
273 4217 310 4230 -
332 4183 364 4240 δὲ
383 4179 399 4240 ὁ
419 4205 471 4240 om.
489 4205 517 4243 v.
566 4191 611 4258 19)
636 4191 704 4242 Post
737 4189 779 4246 λις
795 4187 845 4254 τῆς
861 4183 979 4248 Ἰταλίας
994 4179 1116 4247 ἄποικος
1133 4180 1294 4253 (τιν’νίίθη-

141 4259 212 4312 hune
232 4275 343 4313 τοττιιω
362 4258 443 4326 vulgo
457 4259 558 4328 legitur
572 4275 636 4327 pm
657 4259 706 4326 hy·
737 4257 827 4309 ναίων
842 4259 904 4311 τού.
921 4257 1050 4321 Adortus)
1067 4255 1122 4306 νύν
1134 4251 1294 4338 καλουμένη

144 4331 281 4395 pathah,
314 4329 372 4382 vid.
395 4330 430 4381 td
455 4345 482 4394 p.
510 4331 549 4380 15.
579 4331 613 4392 θ,
649 4345 702 4382 om.
738 4319 875 4395 Θούριον.
910 4320 985 4386 τινες
1011 4321 1042 4377 τὸ
1070 4315 1140 4376 αύτύ
1165 4325 1294 4392 Θουριον

144 4397 267 4454 Θεο.“·
298 4399 374 4464 Ιιὶρι
441 4399 487 4464 θθ)
518 4403 571 4452 Vs.
602 4402 645 4452 72.
671 4425 704 4436 -
738 4393 787 4448 καλ
807 4396 969 4480 Συβαρίτην
994 4397 1059 4462 (leg.
1082 4387 1210 4462 Σύβαριν
1232 4411 1294 4447 cum

140 4457 192 4519 ὅθι
211 4467 271 4535 τοι]
298 4459 351 4518 ἁδι
375 4481 419 4518 τοι
440 4469 545 4532 Wart„
569 4460 638 4520 ἃδέ
658 4483 703 4518 τοι
738 4467 851 4534 Αοοτιο)
861 4467 1005 4518 καλουσιτ.
1024 4463 1130 4530 λέγεται
1140 4449 1172 4514 θλ
1182 4455 1225 4516 ὅτι
1236 4458 1293 4516 imo·

142 4539 242 4594 Κίειιλ.
257 4553 379 4604 τερη-
394 4534 505 4606 Θουριᾳ
514 4541 603 4592 wart.
619 4538 700 4606 (εοττ.
736 4536 794 4590 τῶν
810 4538 861 4605 KQ.
876 4533 966 4590 Gom*-
1039 4619 1099 4680 12*
