2980 5048
406 961 410 972 ι
479 1039 871 1138 PRAEFATIO.

257 1315 261 1326 ι
330 1365 369 1458 ξ.
399 1364 430 1436 1.
466 1365 520 1438 De
545 1363 770 1438 scholiorum
793 1363 1029 1440 editionibus.

178 1526 313 1594 Primus
349 1535 515 1610 Crdliereus
547 1531 580 1595 in
608 1530 712 1596 altera
734 1531 841 1618 operis
870 1533 920 1596 sui
945 1539 1039 1621 parte
1065 1529 1188 1596 scholia
1211 1531 1243 1594 in

106 1627 198 1692 lucem
222 1633 394 1717 protraxit
415 1631 477 1696 hae
496 1633 725 1720 inscriptione:
749 1626 875 1716 Σχόλια
895 1625 935 1697 τὰ
957 1623 1178 1719 εὑρισκόμενα
1199 1633 1245 1708 εἰς

106 1721 140 1790 τὰ
160 1735 351 1812 Θεοκρίτου
374 1725 539 1811 eldrillsu,
570 1731 607 1799 ἐκ
636 1729 812 1820 διαφόρων
840 1727 1057 1818 ἀντιγράφων
1085 1722 1245 1818 ἐπιμελῶς
1267 1733 1272 1738 “

107 1831 146 1905 εἰς
165 1825 286 1918 κοινὴν
316 1827 485 1919 ὠφέλειαν
515 1835 745 1920 συλλεχθέντα
767 1828 857 1921 παρὰ
885 1837 1054 1920 Ζαχαρίοὺ
1076 1832 1243 1918 Καλλιέρ-

107 1955 162 2014 yoo
183 1933 244 1998 rosi
264 1931 411 2021 Κρητός.
450 1937 585 2004 Praeter
607 1939 731 2004 scholia
751 1939 794 2004 ad
812 1937 947 2004 Theocr.
968 1953 1136 2000 1-xv11u
1159 1937 1249 2022 inest

108 2033 243 2100 Joannis
255 2037 442 2104 Pediaeimi
463 2033 613 2124 ἐξήγησις
635 2043 669 2104 in
692 2041 876 2129 Syringem.
921 2039 1022 2104 Plura
1038 2038 1078 2102 de
1093 2037 1155 2102 hac
1178 2039 1243 2102 edi·

109 2137 183 2202 tione
201 2141 355 2228 principe
379 2141 467 2205 iufra
487 2142 734 2228 disputabimus.

182 2239 402 2328 Repetierunt
425 2242 513 2306 illam
536 2243 694 2309 editiones
725 2249 787 2310 Sul.
815 2247 889 2308 Bas,
917 2247 961 2306 II.
990 2247 1082 2306 Farr.
1114 2241 1241 2330 paucis-

109 2342 188 2406 simis
209 2346 349 2408 mutatis
373 2354 405 2409 et
427 2347 643 2432 apertissimis
666 2346 747 2412 adeo
766 2345 893 2410 mendis
911 2343 1043 2410 relictis.
1087 2343 1187 2409 Plura
1208 2345 1242 2410 in

111 2445 192 2508 Brub.
212 2451 242 2510 1.
268 2447 369 2533 (quae
391 2447 425 2510 in
447 2445 507 2511 hac
529 2455 621 2534 parte
635 2449 822 2525 ,secundum
845 2447 920 2511 Bas.
938 2461 974 2512 11.
995 2467 1153 2535 expressa
1174 2427 1253 2533 est)'

111 2557 243 2612 correcta
273 2557 348 2612 sunt
382 2555 414 2612 et
441 2549 648 2636 conjecturae
676 2549 835 2638 quaedam
865 2550 899 2614 in
924 2551 1071 2634 margine
1099 2547 1240 2631 additae,

108 2649 215 2730 partim
239 2650 407 2736 egregiae.
449 2649 563 2738 Neque
585 2657 663 2717 ver'o
687 2653 792 2718 editor
815 2650 924 2739 aliquo
946 2651 1057 2715 codice
1079 2671 1158 2715 usus
1182 2659 1240 2732 est,

110 2757 140 2810 ut
170 2749 350 2816 Duebnero
379 2753 539 2838 visum*).
591 2752 686 2820 Hane
714 2753 888 2820 editionem
912 2755 1042 2840 repetiit
1075 2755 1169 2816 Brub.
1193 2757 1238 2816 II.

110 2853 305 2934 paucissimis
339 2855 489 2937 mutatis,
523 2863 591 2919 tum
618 2852 766 2942 pluribus
789 2853 890 2920 Brub.
914 2871 966 2918 111.
992 2855 1061 2918 sive
1083 2857 1171 2933 Χρὴ,
1205 2855 1239 2916 in

111 2973 167 3036 qua
185 2954 311 3020 scholia
332 2955 375 3018 ad
398 2955 598 3042 singulorum
618 2954 806 3042 idylliorum
825 2955 945 3021 calcem
961 2957 1068 3043 posita
1085 2965 1174 3038 sunt3
1197 2955 1239 3020 ad

111 3073 159 3135 ea,
183 3077 267 3143 quae
289 3055 422 3122 scholiis
443 3057 614 3140 carebant,
644 3057 816 3146 Xylander
842 3057 883 3122 de
914 3077 971 3121 suo
998 3055 1088 3120 dedit
1109 3047 1239 3140 ἀποση-

110 3151 250 3234 μειώσεις
270 3157 426 3225 Graecas.
472 3157 698 3246 Xylendreem
721 3159 958 3238 redactionem,
982 3154 1113 3221 scholiis
1130 3165 1237 3222 tamen

111 3259 255 3326 inunum
280 3283 399 3348 corpus
420 3260 622 3342 reformatis,
647 3259 809 3325 Scultetus
833 3269 988 3346 sequutus
1011 3267 1061 3322 est
1084 3259 1117 3322 in
1141 3257 1238 3322 Scho·

111 3357 216 3429 liomm
239 3363 383 3430 editione
407 3367 480 3429 1601
510 3361 691 3448 (Scult.),
714 3383 797 3450 quae
819 3383 878 3448 pro
900 3369 991 3447 parte
1013 3357 1238 3424 Commelinia·

111 3483 222 3530 uae11.
250 3465 406 3546 habetur,
435 3465 477 3530 cl.
507 3465 543 3530 P.
572 3480 594 3528 1.
617 3487 649 3552 p.
678 3481 888 3546 ux1V.‚raro
916 3461 1087 3526 lectionem
1110 3470 1239 3526 mutans

112 3565 287 3655 (aliquoties
309 3567 487 3631 secundum
510 3565 795 3653 Calliergianam),
819 3564 877 3629 sed
901 3563 1022 3628 scholia
1042 3573 1139 3628 antea
1161 3563 1236 3629 eolis

110 3665 259 3734 lemmatis
281 3668 435 3734 distincta
457 3669 500 3734 ad
524 3667 669 3755 singulos
697 3687 811 3733 versus
833 3687 991 3731 rovocans
1013 3673 1045 3730 ct
1067 3665 1140 3733 idea
1163 3668 1237 3733 sub-

111 3768 177 3835 inde
201 3772 242 3837 ab
266 3769 383 3836 ordine
401 3765 621 3858 Oalliergiano
638 3769 821 3836 discedens.
855 3766 986 3834 Scholia
1003 3767 1045 3833 ad
1063 3767 1114 3832 Id.
1137 3785 1236 3834 xvm.

110 3874 208 3937 nescio
238 3893 304 3960 quo
333 3893 411 3935 casu
438 3873 572 3954 omissa,
595 3881 709 3938 contra
733 3873 952 3958 praefationes
980 3870 1023 3936 ad
1050 3869 1237 3958 Syringem‚

111 3973 251 4039 Securem
274 3983 307 4038 et
322 3971 434 4057 Alam,
457 3996 538 4062 quas
560 3975 684 4062 priores
706 3974 865 4039 editiones
882 3983 1056 4062 praeeunte
1073 3971 1237 4059 Calliergo

166 4214 193 4282 ⁸)
212 4215 375 4267 Duahnerua
388 4215 415 4266 id
430 4217 586 4282 auspicatus
604 4220 646 4268 est
665 4217 774 4280 proptor
792 4217 885 4264 notam
900 4213 1076 4280 marginalem
1092 4219 1237 4280 corruptae

109 4299 210 4354 lectioni
229 4291 376 4366 α’ρεώσθαι
394 4302 422 4352 in
435 4303 538 4372 acholio
556 4301 591 4353 ad
607 4301 690 4362 XIII,
708 4301 741 4350 72
758 4300 923 4366 adscriptam
937 4299 1000 4365 „vel
1012 4300 1102 4366 potius
1116 4289 1237 4363 ἐρωῆσαι

111 4381 209 4455 rugiet
229 4387 302 4456 quod
320 4377 400 4448 πεζός
417 4405 449 4442 ex
466 4389 557 4457 aliquo
574 4388 669 4440 codice
685 4387 809 4437 additum
826 4387 972 4438 videretur.
1000 4387 1037 4436 At
1050 4372 1131 4444 πεζός
1145 4385 1236 4448 potius

112 4483 145 4527 sat
159 4477 249 4530 altera
263 4473 418 4528 amandatio
437 4475 472 4527 ad
491 4468 575 4540 πεζοί
592 4475 620 4526 iu
638 4473 765 4526 lemmate
784 4471 881 4525 scholii
898 4471 1014 4538 proximi
1035 4469 1184 4537 partinens.
