2968 5060
606 369 812 418 pulsaturo.
1186 372 1274 420 xttu

121 517 297 606 schopuli,
326 529 519 608 sequuntur
542 519 676 585 Pindari
699 520 750 585 Ol.
775 531 808 586 et
829 521 927 588 Hom.
948 521 987 586 ll.
1011 539 1034 586 1.
1057 539 1099 604 11,
1124 526 1272 590 1-493.

116 659 170 672 —
205 623 357 690 Contulit
390 627 579 693 Wartonu's
612 635 644 692 et
677 625 841 714 quaedam
874 627 952 692 inde
991 628 1102 694 attulit
1137 629 1271 698 Worda·

117 731 298 797 werthina.
334 745 346 815 “,

215 845 308 923 Pois]
337 840 446 906 codex
469 838 617 904 Thomas
647 838 786 926 Phillips
815 839 987 904 Beronetti
1018 841 1059 905 de
1088 839 1273 907 Middlehill

118 947 161 1009 in
183 967 264 1032 agro
284 946 549 1028 Worcestrensi,
573 945 675 1010 chart.
702 950 826 1012 Theocr.
850 954 869 1010 I
873 954 1013 1011 -XIIL
1037 955 1067 1011 X
1073 953 1123 1011 VI.
1145 952 1212 1012 Iac.
1234 957 1272 1032 I.‚

120 1075 194 1138 quo
216 1053 351 1136 ordine,
374 1075 442 1118 non
465 1059 613 1141 apparet.
641 1052 728 1118 Usus
747 1061 798 1117 est
813 1053 1104 1120 Wordsworthius.
1119 1054 1271 1120 -Prae-

120 1167 221 1221 terea
241 1157 351 1224 codex
366 1159 572 1224 Bodleianae
586 1157 680 1222 Misc.
699 1183 748 1223 nr.
765 1161 837 1224 243.
854 1159 956 1226 chart.
974 1181 1040 1224 sec.
1062 1175 1121 1224 xv.
1151 1161 1269 1226 Franc.

120 1262 296 1349 Byrenaei
313 1287 414 1330 mauu
433 1264 579 1351 scriptus
595 1274 669 1351 post
686 1264 831 1353 Oppiani
845 1265 1033 1331 Halicutica
1054 1277 1143 1333 tenet
1158 1269 1228 1334 luc.
1245 1287 1269 1333 1.

597 1472 810 1526 Germanici.

213 1585 308 1663 Auo}
329 1580 462 1644 Monaci
486 1580 522 1644 in
545 1579 633 1645 Bibl.
658 1581 740 1667 Reg.
764 1581 885 1647 Bavar.
909 1603 959 1645 nr.
983 1582 1074 1664 470„
1100 1581 1177 1646 olim
1202 1583 1265 1650 Au·

63 1725 70 1736 ·
123 1699 307 1776 gnatones,
329 1686 434 1752 chart.
457 1709 524 1752 sec.
547 1705 604 1752 κν.
643 1691 765 1753 Theoor.
786 1691 907 1750 I—III.
937 1692 968 1748 V.
994 1691 1050 1748 IV.
1080 1693 1269 1754 V1-V11t

126 1795 212 1880 (vid.
236 1792 356 1858 Hardt.
378 1792 487 1858 Catal.
507 1793 588 1859 bibl.
607 1794 728 1860 Bavar.
753 1809 800 1858 lv.
834 1815 866 1878 p.
889 1791 978 1876 554.)
1016 1789 1163 1858 Contulit
1185 1793 1267 1862 Har-

126 1900 242 1965 lesius.

214 2010 294 2088 Elia]
316 2005 535 2092 Elbingeusis
563 2006 743 2071 membran.
767 2026 832 2070 sec.
852 2019 909 2068 xv.
943 2006 1066 2068 Theoor.
1090 2009 1212 2070 1-111,
1236 2015 1267 2070 V.

124 2117 183 2175 IV.
212 2117 255 2173 VI
260 2149 303 2157 -
318 2117 403 2176 VIII.
445 2111 567 2176 Insunt
594 2121 766 2200 praeterea
794 2107 1028 2196 Aristophanis
1055 2109 1142 2176 Plut.
1167 2111 1265 2196 Nus„

123 2216 270 2281 Hesiodi
291 2216 331 2282 0.
354 2227 387 2282 et
406 2215 451 2280 D.
478 2254 522 2268 -
549 2217 848 2303 Diligentissimum
871 2212 1032 2278 Meinekii
1058 2215 1266 2284 collationem

124 2325 297 2390 Ameisius
317 2343 447 2386 mecum
469 2323 734 2389 communicavit.

213 2435 310 2511 cort]
341 2427 517 2493 Gothanus
547 2451 595 2493 nr.
632 2432 683 2493 64.
719 2425 898 2492 membran.
933 2449 963 2490 a.
995 2429 1075 2492 1482
1105 2451 1126 2494 a
1154 2431 1264 2498 Rhose

125 2537 281 2602 Cretensi
309 2537 345 2622 (a
374 2555 440 2621 quo
469 2535 567 2598 etiam
596 2533 633 2618 l.)
664 2533 812 2598 Venetiis
842 2533 993 2620 scriptus.
1047 2539 1171 2601 Theocr.
1199 2545 1264 2600 1-

124 2650 249 2708 XVIII.
271 2651 346 2729 post
368 2638 563 2702 Hesiodum.
610 2637 758 2704 Contulit
779 2637 960 2720 Strothius,
989 2638 1166 2728 descripsit
1184 2643 1264 2708 mibi

123 2747 417 2814 Wuestemannus.

212 2857 331 2932 Homul
351 2849 538 2932 Hamburgi
552 2849 587 2912 in
599 2847 679 2914 bibl.
695 2847 870 2933 Iohannei‚
889 2848 968 2914 olim
980 2849 1143 2928 Dilherri,
1165 2874 1264 2917 mem-

122 2961 218 3025 bran.
234 2981 299 3023 sec.
314 2975 386 3021 xvr.
411 2955 496 3044 (vid.
509 2953 654 3036 Bekker.
672 2953 782 3017 Praei.
805 2953 858 3019 ad.
872 2955 1020 3043 Theogn.
1038 2955 1089 3020 ed.
1104 2969 1143 3034 1.)
1182 2963 1263 3024 The-

122 3087 189 3130 ocr.
212 3071 238 3128 1.
268 3070 336 3128 VII.
359 3067 460 3125 111-
472 3065 523 3124 VI.
550 3059 730 3146 Exemplar
751 3059 907 3125 editionis
927 3061 1146 3146 Heinsianac‚
1169 3065 1263 3128 cuia

123 3171 152 3234 1.
176 3169 216 3234 C.
238 3166 358 3232 Wolfio
383 3167 507 3232 codicis
533 3165 664 3230 collatio
692 3165 862 3251 adscripta
891 3175 956 3246 est,
985 3164 1197 3231 Petersenius
1220 3169 1264 3232 ad

125 3299 180 3341 me
201 3275 395 3339 transmisit.

200 3383 318 3464 lips]
355 3377 490 3465 Lipsiae
519 3377 552 3439 lu
577 3376 658 3440 bibl.
689 3383 795 3440 senat.
824 3395 874 3438 nr.
905 3389 956 3438 111.
985 3375 1088 3442 chart.
1118 3399 1181 3442 see.
1205 3396 1261 3446 xv.

125 3486 234 3553 iudice
256 3483 395 3551 Reiskio
421 3483 456 3546 in
482 3480 661 3547 Animadv.
684 3481 727 3546 ad
750 3479 902 3566 Sophocl.
926 3479 1005 3570 (sec.
1031 3501 1101 3549 xlv,
1128 3495 1259 3554 auctore

125 3591 321 3657 Naumanno
352 3591 387 3655 in
420 3587 525 3653 Catal.
554 3586 635 3652 bibl.
667 3596 771 3651 senat.
801 3611 832 3674 p.
862 3588 907 3674 3.)
952 3593 1075 3656 Theocr.
1097 3599 1162 3656 1-
1176 3601 1259 3659 VIII.

124 3697 281 3764 Continet
307 3705 480 3786 praeterea
503 3692 642 3758 Hesiodi
671 3693 712 3758 O.
737 3701 769 3757 et
787 3691 831 3758 D.
855 3704 888 3759 et
908 3693 1079 3782 Sophoclis
1107 3705 1174 3761 tres
1195 3707 1260 3764 tra-

124 3805 269 3890 goedias.
315 3801 369 3865 De
391 3798 622 3867 collationibus
645 3799 719 3863 vide
743 3803 774 3881 ξ.
797 3803 827 3885 5,
851 3805 881 3863 7.
904 3804 952 3864 14.
974 3811 1007 3866 et
1028 3806 1059 3884 ξ.
1081 3803 1111 3882 6,
1135 3801 1164 3864 2.
1188 3825 1217 3868 a.

205 3923 314 4012 ape]
337 3923 473 4010 Lipsiae
493 3923 529 3985 in
550 3920 633 3986 bibl.
655 3921 811 3986 Academ.
835 3921 938 3986 chart.
962 3943 1027 3986 sec.
1051 3938 1109 3986 xv.
1137 3927 1260 3991 Theocr.

123 4036 281 4096 l—VIII.
325 4028 515 4114 Descripsit
537 4027 730 4124 Loesuerus,
744 4025 787 4090 ad
807 4025 943 4094 Hesiod.
966 4052 999 4115 p.
1024 4044 1075 4108 v.,
1104 4027 1261 4096 lectiones
1376 4045 1378 4052 '

123 4135 279 4223 quasdem
308 4133 475 4220 excerpsit
500 4131 540 4196 V.
563 4131 607 4195 D.
642 4133 684 4195 ad
716 4133 896 4218 marginem
932 4131 1130 4220 exemplaris
1158 4133 1261 4199 Hein-

122 4242 222 4322 siani,
245 4239 337 4327 quod
359 4239 526 4303 Ameisius
547 4237 704 4326 possidet.

211 4341 326 4430 Vino‘]
346 4341 566 4410 Vindobonae
577 4346 612 4409 in
624 4342 704 4409 bibl.
718 4343 850 4408 Caesar.
863 4363 912 4406 nr.
930 4343 1003 4405 289.
1019 4339 1121 4403 chart.
1139 4343 1260 4407 mesor.

118 4455 234 4514 l-XI.
280 4447 456 4530 Quaedam
479 4469 522 4514 cx
544 4448 660 4515 bouet
683 4447 895 4538 sequentibus
917 4443 1053 4535 protulit
1072 4442 1260 4516 Brunckius
