2968 5060
183 358 271 406 xx1v
648 352 857 402 senensem.

184 509 317 576 Stobaei
340 507 383 572 ed
412 505 557 570 carmine
585 505 683 570 etism
707 507 743 570 in
763 505 859 570 libris
882 504 1040 571 bucolicis
1064 515 1198 572 servato
1221 506 1345 572 literis

184 623 226 680 St.
248 613 444 703 praepositis
467 613 693 678 discrevimus.

268 720 315 786 Ut
335 739 431 802 vero,
461 716 567 782 sicubi
588 741 670 806 opus
693 741 765 784 esse
790 717 937 801 videtur,
964 719 1078 782 variae
1100 717 1250 784 eiusdem
1276 743 1336 785 co-

184 829 266 894 dicis
285 824 474 891 collationes
504 825 671 890 commode
697 824 959 909 distinguentur,
989 823 1085 909 siglis
1106 828 1245 913 apposui
1269 850 1334 915 pa·

182 931 417 1018 regrephomm
447 951 617 1012 numeros,
646 932 766 1018 quibus
795 931 836 994 de
866 931 969 995 variis
997 928 1229 996 collationibus
1255 934 1330 1018 egi.

181 1039 297 1124 ltaque
318 1057 471 1100 numerus
496 1041 523 1100 1.
543 1035 654 1123 copies
677 1034 994 1100 Sanctcmandienes
1019 1034 1160 1120 indicet,
1183 1038 1212 1099 2.
1234 1035 1328 1102 Dor·

181 1144 353 1224 villianoS,
374 1145 403 1206 3.
423 1140 611 1225 Gailienos,
632 1147 662 1206 4.
680 1141 922 1226 Zieglerianes,
942 1145 972 1205 5.
988 1141 1198 1208 Ameisienas
1215 1137 1328 1208 mees-

182 1271 261 1337 que‚
291 1251 322 1312 6.
347 1246 507 1333 reliquns3
534 1259 704 1335 praeterea
732 1269 867 1312 numero
897 1252 926 1311 7.
955 1269 1034 1311 usus
1057 1269 1128 1312 snm
1157 1247 1200 1312 nd
1221 1248 1327 1314 libro-

181 1377 253 1420 rum
268 1353 402 1420 Stobeoi
416 1350 607 1418 collationes
619 1354 871 1420 Gaisfordicncs
887 1353 1092 1418 indicandas.
1127 1352 1224 1435 Quod
1239 1378 1325 1420 vero
1364 1399 1370 1408 ·

181 1463 317 1524 interest
349 1458 433 1522 scire
440 1506 449 1541 ‚
482 1479 502 1520 s
530 1480 595 1544 quo
619 1459 731 1548 eliqua
756 1460 852 1526 lectio
874 1458 1173 1525 Senotemandiene
1194 1460 1324 1525 tradita

156 1559 240 1650 'sit‚
265 1563 384 1630 deinde
404 1572 514 1630 utrum
535 1566 570 1628 in
589 1564 791 1652 plenioribus
809 1565 1039 1632 collationibus
1060 1575 1192 1654 reperte
1214 1566 1324 1630 sitan

181 1675 214 1736 in
241 1671 375 1758 Sylloge
404 1669 566 1757 Salvinii,‘
592 1671 704 1737 addito
730 1693 865 1735 numero
892 1685 917 1735 1.
952 1694 1010 1737 ees
1042 1671 1128 1737 soles
1159 1671 1322 1738 lectiones

181 1777 496 1844 Sanctemsndienes
527 1777 728 1864 significavi,
757 1799 841 1864 quae
871 1780 960 1868 apud
978 1779 1174 1846 Wartonum
1202 1786 1322 1844 extant

180 1907 286 1972 neque
309 1886 344 1949 in
364 1883 512 1972 Sylloge,
542 1893 656 1948 contra
677 1883 774 1948 litere
796 1905 825 1949 a.
847 1907 930 1972 quae
953 1896 1030 1952 sunt
1049 1889 1084 1950 in
1104 1883 1254 1973 Sylloge,
1278 1884 1319 1948 li-

180 2001 252 2056 tero
282 1997 309 2056 b.
339 2014 421 2079 ques
451 1990 660 2056 Gsisfordius
690 1991 844 2074 tradidit,
878 1993 973 2058 litore
1003 2015 1029 2059 c.
1063 2013 1145 2080 qnos
1179 1989 1318 2056 Words-

179 2097 347 2162 worthius.
392 2096 562 2179 Quaedam
582 2095 732 2184 exempla
749 2097 936 2164 institutum
954 2107 1100 2163 nostrum
1117 2099 1225 2184 magis
1245 2096 1318 2163 illn-

180 2202 340 2268 strabnnt.

284 2323 324 2409 p¹·
365 2353 410 2381 =
446 2345 478 2409 p.
510 2320 689 2385 secundum
721 2321 927 2388 collationem
958 2322 1194 2388 Sanctemandi
1227 2325 1316 2412 apud

386 2428 592 2494 Wartonum.

284 2545 325 2622 ρ’·
367 2569 410 2582 -
445 2561 477 2624 p.
509 2537 543 2600 in
565 2534 697 2623 Sylloge
720 2533 871 2601 Salvinii.

282 2643 325 2728 p²·
365 2679 409 2690 —
443 2665 475 2728 p.
505 2663 523 2705 e
546 2638 721 2707 collatione
743 2640 898 2706 Dorvillii
920 2640 1010 2730 epud
1032 2640 1271 2706 Geisfordium.

282 2750 325 2838 p⁴·
367 2789 409 2798 -
446 2774 478 2838 p.
506 2757 590 2813 teste
608 2746 770 2834 Zieglero.

282 2861 324 2946 ps.
365 2895 408 2904 —
443 2879 475 2944 p.
504 2877 525 2919 a
546 2852 751 2918 Bethmonno
771 2875 845 2918 mee
866 2853 975 2939 gretie
997 2855 1172 2942 inspectus.

281 2965 324 3050 ρ’·
365 3001 408 3010 -
444 2985 476 3050 p.
506 2958 717 3027 ecollatione
737 2959 911 3024 Laurentii
931 2961 1019 3048 apud
1042 2961 1226 3027 Reiskium.
1273 2973 1279 2986 '

178 3095 377 3104 ---—--.-

281 3151 323 3216 v¹·
366 3189 408 3198 -
444 3171 477 3214 v.
507 3145 620 3214 ecoll.
641 3145 782 3210 Salvinii
799 3145 835 3209 in
857 3147 960 3232 copiis
983 3145 1103 3214 Sctsm.
1127 3171 1179 3238 ap.
1203 3151 1309 3217 Wart.

283 3268 323 3322 v*
366 3295 409 3306 —
446 3279 478 3321 v.
508 3256 543 3320 in
563 3251 695 3342 Sylloge
717 3250 857 3317 Salvinii
879 3252 960 3320 ibid.

280 3365 322 3428 v¹·
365 3403 407 3412 -
445 3388 478 3429 v.
509 3361 621 3428 eccll.
644 3359 748 3424 Dorv.
771 3381 823 3445 ap.
847 3360 956 3426 Geisf.

281 3471 321 3532 ν’·
365 3507 408 3519 -
447 3492 479 3533 v.
510 3466 624 3533 eccll.
649 3465 781 3530 Rinckii
803 3487 856 3553 ep.
878 3467 1000 3532 Kiessl.

280 3658 319 3720 9¹·
366 3692 409 3702 -
450 3657 480 3717 9.
512 3651 625 3720 eccll.
650 3654 770 3720 Sctsm.
791 3675 843 3742 ep.
867 3654 973 3720 Wart.

280 3763 320 3826 9¹²¹
364 3801 406 3810 —
446 3763 476 3824 9.
510 3757 622 3823 ecoll.
645 3759 765 3824 Sotem.
788 3781 840 3847 ap.
862 3759 970 3825 Geisf.

278 3870 318 3932 9²·
364 3907 406 3916 -
446 3871 476 3932 9.
511 3865 624 3932 eccll.
644 3865 748 3933 Dorv.
771 3887 824 3956 op.
846 3866 953 3932 Gaisf.

279 3975 318 4038 9⁴·
362 4015 405 4024 —-
447 3975 477 4036 9.
510 3996 562 4060 ep.
584 3970 689 4057 Ziogl.

276 4081 315 4142 9⁵·
359 4116 402 4126 —
440 4081 471 4145 9.
505 4077 612 4144 eccll.
625 4076 838 4162 Freiburgeri
856 4079 892 4144 in
909 4102 1016 4145 meum
1034 4102 1129 4145 usum
1141 4080 1304 4146 institute.

171 4212 372 4222 ..φο-ι-

275 4266 326 4331 Nl
360 4302 404 4314 —
434 4264 475 4329 N.
507 4261 618 4328 ecoll.
642 4262 755 4328 Gailii.

274 4372 324 4436 N⁸·
357 4411 400 4422 —-
431 4374 471 4439 N.
503 4368 614 4439 ecoll.
636 4369 827 4441 Ruhnkenii
846 4393 897 4462 ap.
921 4371 1083 4439 Valcken.

165 4504 342 4516 Ἥ
