2968 5060
584 327 792 377 pulsuum.
1186 329 1258 376 XLV

99 483 232 547 tertium
256 480 330 544 sine
361 479 601 568 inscriptione.
636 481 714 546 Vid.
744 503 844 568 supra
873 483 959 546 inter
985 479 1090 546 Oodd.
1119 479 1257 547 Theocr.

109 589 253 654 Florent.

204 695 273 785 Vc]
292 725 337 754 =
353 697 443 758 Caes.
464 692 612 757 Brunok.
632 731 675 744 —-
695 690 914 758 Vindobonae
935 675 1071 760 in'bibl.
1090 694 1185 759 Caes.
1208 715 1257 758 nr.

109 805 185 868 311.
215 801 416 882 membran,
446 798 528 864 olim
549 797 681 863 Ioannis
706 795 872 864 Sambuci.
917 805 983 867 Ino.
1007 809 1033 866 1.
1063 789 1261 889 (Μόσχουῆ

111 912 319 994 Θεοκρίτου,
338 897 360 989 ἢ
376 928 396 970 a
410 928 503 970 man.
526 905 602 992 sec.)
618 909 734 970 Mosch.
753 912 779 969 I.
806 900 991 995 (Μόσχου).
1014 913 1061 972 ΙΙ.
1089 912 1155 972 Ino.
1178 913 1262 986 VIII,

113 1027 241 1098 1-31.‚
263 1016 323 1080 ubi
343 1021 420 1100 post
442 1009 648 1096 θηλυτέρῃσι
665 1033 707 1094 με
725 1013 831 1078 codex
855 1013 992 1098 desinit,
1017 1015 1261 1102 quanquamin

111 1123 227 1188 eadem
248 1122 376 1210 pagina
405 1119 549 1206 spatium
570 1128 718 1204 superest
741 1128 774 1184 et
804 1120 868 1186 duo
890 1143 995 1186 vacua
1016 1119 1097 1186 solia
1120 1144 1260 1209 sequun-

108 1239 182 1313 tur3
215 1230 334 1293 ultima
370 1226 435 1291 duo
468 1223 586 1311 idyllia
616 1234 732 1312 poetae
763 1231 893 1294 nomine
927 1236 1050 1292 carent.
1095 1228 1183 1294 Usus
1211 1238 1261 1292 est

111 1335 303 1400 Brunokius
323 1331 501 1398 collatione
518 1329 692 1418 Blessigii3
711 1334 996 1421 diligentissimam
1013 1335 1178 1401 Poeschlii
1196 1335 1261 1400 ool·

112 1441 269 1505 lationem
290 1439 441 1504 Ameisio
465 1437 579 1504 debeo.

197 1563 349 1628 Tertium
367 1560 464 1625 huius
481 1562 611 1646 generis
629 1563 759 1648 librum,
778 1565 954 1629 Estensem
971 1587 1021 1628 nr.
1039 1569 1109 1630 146.
1123 1587 1143 1629 a
1157 1565 1260 1630 Geor-

113 1671 169 1754 gio
188 1667 284 1732 Valla
306 1668 484 1753 scriptum,
507 1667 563 1754 qui
584 1667 709 1733 Mosch.
732 1685 756 1733 1.
781 1687 818 1734 Π.
850 1669 921 1734 Ino.
945 1685 1021 1732 vm.
1051 1671 1112 1735 sub
1134 1671 1262 1736 Moschi

113 1775 245 1838 nomine
266 1781 378 1858 tenet,
405 1795 504 1861 supra
528 1774 613 1840 inter
635 1767 741 1840 Ood'd.
764 1773 902 1839 Theocr.
925 1785 1001 1862 post
1022 1776 1156 1841 Italicos
1179 1799 1262 1842 com·

115 1900 382 1946 memorammus.

327 2027 357 2092 b)
377 2023 493 2078 solius
510 2026 681 2094 Europae.

195 2126 238 2216 s.]
263 2159 307 2186 =
335 2131 373 2190 F.
403 2127 508 2192 Dorv.
544 2166 587 2176 -
617 2127 750 2193 Mediol.
779 2129 932 2220 Ambros.
976 2127 1128 2216 Optimus
1153 2140 1186 2196 et
1207 2153 1263 2196 an-

111 2233 340 2319 tiquissimus,
364 2236 482 2321 inquo
505 2242 538 2298 et
553 2234 704 2320 Odyssea
720 2233 855 2300 Homeri
876 2245 908 2299 et
922 2235 1098 2302 Sallustius
1120 2238 1262 2326 philoso-

112 2339 199 2426 phus
224 2339 266 2404 de
285 2339 364 2404 Diis
388 2341 451 2425 (ita
470 2338 602 2427 Dorv.).

199 2461 245 2550 a]
266 2493 311 2520 =
331 2465 376 2526 N.
406 2460 511 2526 Dorv.
534 2501 578 2512 -
597 2462 714 2528 Venet.
750 2463 852 2528 Marc.
876 2466 968 2530 Arm.
991 2467 1021 2530 2.
1049 2465 1088 2530 Τ.
1112 2485 1135 2531 1.
1164 2467 1206 2532 N.
1229 2473 1259 2532 7.

114 2567 276 2633 Continet
296 2570 384 2634 inter
404 2567 471 2632 alia
493 2567 619 2632 Moschi
642 2567 807 2655 Europen.

203 2691 259 2780 9'·]
289 2691 397 2758 Vatio.
433 2713 484 2756 nr.
514 2694 586 2755 915.
616 2713 681 2756 sec.
710 2709 791 2776 run,
821 2692 889 2758 vid.
917 2714 1018 2781 supra
1043 2695 1129 2760 inter
1156 2693 1261 2760 Codd.

115 2799 255 2864 Theocr.

204 2903 344 2992 Aliqum]
367 2903 500 2970 Monaci
521 2907 556 2970 in
577 2905 658 2972 bibl.
679 2905 760 2992 Reg.
781 2906 901 2972 Bavor.
920 2929 970 2971 nr.
988 2907 1061 2970 525.
1086 2906 1178 2993 (olim
1195 2905 1264 2971 Au·

116 3008 307 3096 gustamus).
330 3032 395 3075 sec.
418 3027 502 3095 xlvi,
526 3033 589 3099 quo
611 3013 797 3077 continetur
811 3015 897 3077 inter
916 3012 984 3076 alia
1000 3005 1142 3094 Μόσχου
1162 3015 1265 3075 Σικε-

116 3109 245 3179 λιώτου
259 3107 407 3200 Εὐρώπη
422 3140 473 3181 vs.
493 3118 620 3202 1-80.,
641 3119 700 3183 sed
715 3119 819 3182 literis
837 3120 884 3182 ita
898 3117 1048 3182 evanidis
1067 3123 1118 3201 (ut
1137 3115 1264 3180 Schwe-

117 3221 230 3286 bclius
251 3221 354 3306 refert
375 3223 587 3290 confirmante
609 3223 743 3290 Halmio
767 3225 802 3288 in
822 3223 929 3287 literis
951 3221 994 3284 ad
1015 3221 1205 3304 medatis),
1227 3230 1265 3285 ut
1301 3309 1304 3316 Ι
1334 3261 1341 3274 ·

119 3347 229 3414 pauca
256 3326 323 3414 legi
355 3333 496 3416 possint.
541 3330 709 3412 Quasdam
745 3329 904 3396 lectiones
935 3325 1155 3392 Schwebelius
1188 3328 1264 3394 inde

120 3435 269 3522 protulit.
837 3505 841 3514 ,

207 3539 296 3628 Bas]
312 3539 514 3607 Basileensis
534 3543 572 3609 F.
591 3560 667 3607 vm.
682 3548 713 3608 4.
733 3543 848 3626 chart,
870 3541 928 3606 ubi
948 3544 1033 3608 inter
1054 3540 1265 3607 miscellanea

120 3646 248 3714 Mosch.
277 3663 321 3731 11,
351 3651 448 3713 24-
466 3652 534 3714 142.
567 3651 637 3715 sine
667 3651 890 3738 inscriptione.
941 3647 1117 3713 Recentior
1148 3669 1263 3713 manus

123 3755 380 3842 suprascripsit
404 3748 568 3836 Θεόγνης,
592 3755 710 3820 deinde
735 3756 838 3820 altera
860 3747 951 3838 „imo
976 3777 1019 3819 ex
1041 3753 1175 3841 Europa
1195 3753 1263 3818 Mo-

123 3859 233 3926 schi“.
253 3899 295 3910 -
317 3860 468 3928 Contulit
483 3859 536 3924 W.
555 3860 595 3927 T.
615 3861 811 3927 Streuberus
833 3863 868 3924 in
886 3859 1127 3925 Schneidewini
1146 3858 1264 3924 Philol.

124 3982 161 4031 11.
182 3989 215 4054 p.
240 3967 313 4032 378.

447 4103 485 4161 (3.
521 4106 675 4164 comm
697 4103 944 4174 Anthologlcl.

206 4205 282 4296 Aa]
302 4233 349 4264 =
370 4209 405 4270 O.
425 4205 528 4274 Dorv.
551 4247 586 4257 -
607 4206 827 4293 Anthologiae
845 4208 948 4273 codex
963 4206 1134 4272 Palatinus
1153 4203 1265 4267 claris-

126 4314 224 4378 simus
246 4335 299 4377 nr.
324 4309 472 4392 23.,.diu
491 4311 630 4397 Romae,
651 4313 771 4378 deinde
788 4313 925 4377 Parisiis
947 4310 1057 4390 exsul,
1079 4307 1140 4370 hoc
1157 4308 1265 4373 seculo

124 4417 373 4502 Heidelbergae
403 4416 564 4501 redditus,
594 4441 660 4484 sec.
684 4437 718 4482 x.
743 4417 922 4483 secundum
945 4414 1089 4480 Iacobsii
1112 4415 1267 4498 suspicio·
