2978 5058
484 410 603 458 ιονιι..
627 409 661 459 x.
685 407 736 461 νε.
759 405 877 464 14-17.
1125 393 1127 400 ’
1191 399 1254 462 317

104 557 140 626 δὲ
162 559 218 626 καλ
237 553 282 626 τά
306 555 373 644 πρὸ
390 563 511 645 θυρῶν
529 582 587 647 μοι
608 554 799 629 ἆσιιάλευτα
820 558 930 630 πάντα
951 557 1007 630 διά
1020 555 1082 650 τὴν
1098 553 1151 632 ἐπὶ
1170 563 1245 650 ἐρω

99 661 184 748 μένῃ
207 658 335 748 λύπην.
360 663 483 748 (δεινὴ)
584 735 586 740 .
775 722 779 728 ,

186 770 263 831 Rec.
285 764 391 848 (Τοῦ
410 768 670 848 Τρικλινίου.
694 766 738 830 Μ.
762 758 824 850 ἀφ’
842 749 902 849 ού,
925 769 1025 850 φησί,
1048 758 1256 851 τδνσπύρον

101 864 139 929 ἐν
161 878 238 942 ταῖς
259 858 327 951 πρὸ
348 865 417 930 τῶν
436 865 558 949 θυρῶν
573 860 815 952 Ιιιατεβαλύμηυ
833 859 1015 952 άρούραις,
1037 859 1059 933 ά
1077 883 1162 952 φασι
1180 891 1255 935 ποι-

99 990 166 1044 νας
193 961 387 1051 έσωθύρια,
422 959 576 1052 οὐδαμῶς
603 969 789 1052 ἐπιμελείας
815 966 949 1055 ἠξίωσα.
1000 969 1101 1036 τοῦτο
1128 962 1193 1055 γάρ
1215 963 1290 1036 εδδ

101 1062 237 1134 ἄσκαλα
255 1066 352 1133 θέλει
372 1070 510 1152 δηλούυ.
533 1067 577 1133 Μ.
595 1069 714 1158 Gen.⁸·)
810 1119 815 1126 .

575 1271 635 1338 Vs.
661 1278 710 1336 15.
735 1277 785 1337 16.

198 1413 262 1473 Vct.
297 1409 364 1482 Τίς
392 1405 436 1472 δέ
461 1429 509 1472 τυ
531 1405 606 1471 τάν
629 1407 789 1498 παίδων
816 1411 1077 1492 λυμαίνεταιε
1108 1399 1254 1474 ταῦταὸ

103 1512 233 1574 Μίλων
261 1504 385 1594 ἐρωτᾷ,
416 1503 485 1573 εἶτα
507 1499 526 1573 ὁ
548 1501 676 1584 Βάττος
698 1504 828 1592 ἐπάγει·
860 1499 1142 1594 άΠολυβῶτα.
1177 1505 1256 1594 (δύ-

100 1633 204 1674 ναται
226 1605 265 1674 δὲ
288 1606 344 1674 καὶ
364 1601 464 1684 αὐτὸς
482 1608 594 1693 λέγειν
615 1600 698 1674 ὅλον
715 1601 775 1674 τὸν
789 1612 928 1696 στίχον,
945 1603 992 1674 ἵν’
1014 1597 1050 1700 ᾖ·
1077 1611 1182 1678 Gen.¹’·
1206 1614 1254 1686 τίς
1275 1617 1309 1670 10

102 1703 170 1794 ἆρα
192 1728 231 1775 σε
256 1695 283 1774 ῶ
305 1709 502 1794 πολυβῶτα,
529 1695 555 1774 ῶ
577 1705 735 1793 πλούσιε,
757 1705 1010 1795 συνεκδοχικόν.
1055 1705 1258 1796 πολυβῶτην

104 1810 142 1878 δὲ
166 1807 264 1876 εἶπεν
290 1803 478 1884 αὐτόνδιὰ
500 1802 538 1878 τά
563 1812 755 1896 πλεοναχῶς
781 1815 913 1896 βατεῖν.
951 1797 991 1876 Ὠ
1019 1813 1257 1897 πολυβῶτατ

102 1907 257 1990 πολλούς
282 1915 367 1998 ἔχων
390 1907 481 1997 βόας.
508 1913 580 1978 Vat.
605 1913 711 1980 Gon.¹'·
749 1915 784 1980 οί
810 1909 846 1978 δὲ
874 1913 1007 1999 ζητούσι
1030 1907 1067 1981 τύ
1089 1911 1259 2000 Πολυβιά-

103 2040 168 2082 του
189 2011 337 2098 πότερον
357 2009 514 2100 θυγάτηρ
540 2005 784 2100 ἢθεράπαινα.
822 2011 877 2082 καὶ
898 2007 966 2101 μὴν
985 2019 1070 2082 ἔνιοι
1090 2011 1126 2081 δὲ
1149 2019 1259 2081 πολυ-

104 2113 224 2204 βῶτην
246 2117 545 2201 προσηγορεῦσθαι
561 2109 624 2202 τήν
641 2121 818 2182 πλουσίαν.
844 2117 968 2203 Gen.¹'·)
988 2111 1190 2203 ..Ἄδηλον
1209 2116 1256 2202 δέ,
1277 2125 1309 2179 15

104 2213 256 2304 πότερον
284 2215 457 2301 θυγατέρα
484 2207 505 2303 ἢ
532 2214 747 2303 θεράπαιναν
774 2219 837 2284 τοῦ
855 2213 1068 2304 Πολυβῶτου
1098 2218 1196 2305 λέγει.
1237 2211 1258 2306 ἡ

67 2357 74 2366 ·
105 2321 169 2387 τοῦ
192 2314 405 2403 Πολυβῶτου
430 2305 494 2384 σύν
515 2317 598 2405 φησὶ
626 2323 825 2405 λυμαίνεταί
843 2344 900 2405 με,
930 2313 1002 2405 ἥτις
1023 2315 1141 2406 πρῶηυ
1161 2327 1259 2406 θερι-

108 2419 240 2503 ζόντων
259 2412 356 2506 ἡμῶν
382 2413 474 2506 παρ’
499 2413 820 2507 Ἱπποκόωντιῆ
848 2415 940 2508 παρ’
959 2414 1198 2488 Ἱπποκίωνι
1215 2453 1259 2474 -ι

107 2523 208 2608 διχῶς
227 2515 292 2607 γάρ
315 2517 480 2606 γράφεται
504 2522 541 2588 έν
561 2536 631 2600 τοῖς
660 2516 881 2609 ἀντιγράφοις
898 2562 944 2575 -
963 2519 1157 2611 προσηύλει.
1202 2521 1259 2591 καὶ

107 2618 146 2691 τὸ
163 2621 228 2710 μὲν
249 2616 342 2709 παρ’
358 2615 630 2692 Ἱπποκόωντι
651 2621 795 2710 γράφων
813 2624 902 2709 λέγει
922 2626 968 2716 τῷ
983 2628 1137 2716 ποταμῷ,
1160 2621 1198 2692 τὸ
1220 2623 1256 2693 δὲ
1276 2635 1311 2690 20

107 2719 203 2811 παρ’
228 2717 466 2804 Ἰππονίωνι
494 2727 584 2812 λέγει
614 2721 702 2794 οὕτω
732 2727 939 2816 καλουμένῳ.
964 2766 1008 2779 -
1040 2722 1199 2814 (Ἄδηλον
1228 2731 1260 2794 εί

108 2823 267 2914 θυγάτηρ
291 2828 356 2893 τοῦ
372 2823 584 2914 Πὸλυβῶτου
604 2819 626 2914 ἢ
643 2825 836 2914 θεράπαινα
856 2821 878 2915 ἡ
902 2822 1006 2898 αὐτὸν
1027 2830 1256 2917 λυμαινομένη
1292 2833 1299 2846 ’

108 2931 155 3022 τῶ
178 2934 288 3015 ἔρωτι.
320 2929 440 3020 Gen.¹·)
958 2923 964 2936 ’
1190 2947 1193 2954 ’

622 3115 681 3182 Vs.
701 3123 750 3182 17.

203 3285 266 3345 Vct.
292 3261 400 3362 Εὗρε
420 3271 517 3354 θεὸς
538 3270 610 3344 τὸν
632 3269 819 3362 άλιτρόνι
842 3281 1017 3364 παροιμίαι
1032 3277 1095 3344 εἰσὶ
1111 3273 1149 3344 τὸ
1165 3264 1258 3362 εὗρε
1276 3293 1311 3345 25

109 3375 211 3457 θεὸς
234 3373 309 3446 τὸν
331 3372 507 3465 άλιτρδν
537 3377 604 3470 [καὶ
625 3372 663 3445 τὸ
689 3365 783 3464 εὗρε
807 3373 905 3456 θεὸς
932 3373 1005 3444 τδυ
1031 3378 1179 3468 αίτιον]
1204 3375 1260 3442 καὶ

108 3476 146 3550 τὸ
170 3485 280 3566 ἔχεις
301 3473 412 3567 άπερ.
434 3476 672 3566 ἐπεθύμεις.
709 3472 747 3547 τά
772 3478 808 3547 δὲ
830 3467 924 3563 εύρε
952 3473 1049 3556 θεὸς
1076 3471 1145 3545 τὸν
1167 3471 1260 3542 άλι-

174 3723 224 3802 15)
249 3717 382 3802 Δαμάζει
397 3723 441 3808 τῷ
457 3721 553 3804 ἔρωτι.
567 3725 611 3786 Μ.
622 3759 665 3769 -
680 3715 732 3806 [‘A
754 3725 788 3782 Π
793 3716 914 3802 ολυβῶ
921 3718 992 3802 τοι]
1008 3713 1154 3800 θεηάτηρ.
1172 3722 1207 3781 L.
1221 3722 1258 3783 P.

175 3811 222 3890 16)
250 3809 422 3889 Θερίζουσιυ
441 3801 525 3888 ἡμῖν.
545 3813 587 3873 Μ.
618 3814 680 3882 τοῖς
701 3813 861 3888 θερισταῖς.
881 3811 917 3868 Ρ.
942 3841 982 3852 -
1013 3797 1102 3886 Παρά
1123 3807 1165 3889 τῷ
1186 3807 1259 3890 ληίιμ

103 3887 331 3966 Ἱπποκόωντος.
351 3906 375 3959 6.
406 3895 536 3980 ποταμῷ.
561 3895 596 3958 C.
612 3895 652 3956 N.
680 3889 769 3968 τόπος
785 3917 838 3967 τις.
866 3897 909 3956 Μ.
926 3927 967 3938 -
991 3891 1122 3978 Συνηδε.
1145 3893 1185 3952 Μ.
1200 3913 1201 3916 ’
1215 3883 1256 3951 δι’
1277 3903 1336 3957 3ο·

106 3973 203 4042 αύλοῦ
218 3979 334 4059 ἔμελπε.
354 3981 395 4041 N.

147 4213 295 4287 1)ιιαλτο“ι]
314 4210 586 4282 λδετι.,ιιατάοοδ.
642 4215 667 4282 1)
702 4213 835 4267 indicavi.
875 4213 918 4280 14)
933 4208 991 4280 μὴν
1008 4205 1092 4276 ἔνιοι]
1111 4203 1260 4276 νηνελάιιη

110 4281 157 4340 έιτλ
169 4281 309 4354 ἐρωμένη]
325 4279 519 4352 έπιερωμένην
535 4289 606 4353 eod„
622 4279 669 4336 ἐπ’
703 4283 764 4338 eod.
798 4281 841 4348 lb)
851 4277 1114 4362 προσηγορεῦσθαι]
1130 4275 1261 4344 -ηγόρεο-

110 4353 239 4426 ἐρωμένη
249 4357 344 4410 λδετλ.
374 4356 403 4422 8)
412 4353 533 4422 lsGen.”·
544 4374 569 4410 ο.
580 4359 668 4414 lenm,
705 4355 774 4405 σθαι
788 4351 1085 4417 οοδ.,-αγορευεσθαι
1100 4349 1194 4427 λθειν.
1204 4355 1259 4402 tae.

112 4427 181 4479 τῶν
201 4426 353 4478 παίδων.
409 4426 452 4493 10)
468 4443 494 4478 τι
510 4419 669 4490 ἄραθοιιδ·
707 4418 979 4491 15)Ιίοιο.οειι.“·
1032 4417 1261 4482 21)δηλσνοοδ.

113 4499 158 4565 12)
169 4497 285 4566 βατεῖν]
298 4493 475 4563 πολυβοτεῖν
484 4497 564 4550 οοδδ.
580 4496 671 4550 Verba
704 4495 750 4562 25)
771 4491 902 4560 λίθου’·
921 4492 981 4542 εἰπε
1001 4489 1128 4542 lemmate
1147 4490 1212 4542 inde
1226 4490 1263 4542 ab

110 4569 256 4638 sequentia
277 4555 300 4616 ά
314 4566 380 4620 πολ.
393 4569 493 4633 primus
502 4567 600 4619 lemma
612 4581 673 4618 οεεε
703 4563 821 4634 λέγεται.
835 4589 870 4600 -
882 4558 969 4613 τοῦτο
979 4555 1120 4627 παροιμία
1131 4548 1206 4611 ἐστίν
1217 4559 1262 4614 θδ·
