2946 5046
196 361 243 408 ru
452 348 455 352 ’
665 359 873 410 russrarro.

192 531 311 602 totu.
330 524 401 597 Ἀπ.
424 527 481 596 καὶ
498 525 595 596 Διόδ.
619 531 660 596 de
681 525 800 614 φιάλαι
820 527 1111 617 βαλανειόμφαλοι
1130 531 1227 622 apud
1253 531 1363 596 Crati-

199 659 293 719 num,
322 638 430 700 642.ο.
460 625 529 698 ’Aru
559 630 614 697 καὶ
641 630 757 714 Aaou„
786 657 830 710 ως
859 652 941 718 φησι
965 629 1162 718 Παμφιλος,
1189 635 1237 700 da
1263 631 1364 698 ἐπαί-

200 741 310 830 κλεια,
340 759 420 802 voce
452 736 585 802 Dorica
638 734 728 800 Idem
758 736 992 822 intelligendus
1025 737 1158 804 videtur
1189 735 1363 802 SchArat

201 843 272 904 223.
302 843 390 922 254,
417 837 475 902 ubi
503 838 599 902 Arati
628 847 861 903 commentator
889 847 1041 925 apparet,
1070 840 1156 926 apud
1188 827 1364 928 Cyrillum

200 940 585 1026 Anccdd.Paris.1vp
610 941 685 1022 482,
711 945 758 1004 47.
785 934 1045 1023 ἐρωδιόνι..
1067 932 1163 1024 ,τὴν
1184 939 1365 1023 ἐτυμολο-

58 1039 61 1046 Ι
83 1073 89 1086 “
202 1047 280 1128 δίαν
298 1035 405 1107 αὐτοῦ
391 1033 518 1116 δίς
484 1063 521 1104 το
539 1040 598 1124 τῆς
619 1062 847 1125 γραμματικης
861 1035 1043 1126 Διοδώρου
1063 1043 1161 1128 (sic),
1184 1051 1365 1130 postremo
1459 1071 1460 1076 1

200 1153 243 1211 Δ.
269 1135 287 1209 ὁ
306 1135 532 1228 γραμματικός
553 1142 639 1229 apud
661 1142 772 1229 Steph.
788 1142 870 1229 Byz.
888 1165 913 1208 s.
933 1135 1087 1227 Ἀγχιάλη
1109 1143 1151 1208 dc
1166 1142 1365 1208 Anchialus
1459 1143 1460 1215 ζ

202 1255 234 1312 et
259 1251 347 1310 Tarsi
370 1245 496 1330 origine
519 1242 707 1330 disputans,
729 1264 824 1332 quem
842 1243 1029 1310 Meinehius
1052 1248 1085 1310 in
1103 1245 1223 1310 Iudice
1243 1243 1289 1307 ab
1307 1265 1364 1306 au·
1459 1239 1460 1282 l

201 1349 342 1437 tiquiore
361 1345 506 1412 Diodoro
531 1345 732 1430 (Periegete,
756 1345 822 1410 vid.
846 1344 971 1410 Preller
992 1346 1032 1412 de
1055 1347 1179 1412 Polem.
1203 1371 1239 1434 p.
1263 1345 1363 1428 174),

203 1452 258 1538 qui
285 1449 451 1515 domorum
479 1446 663 1512 Atticorum
689 1447 872 1534 catalogum
897 1441 1283 1534 scripsit,'distinguere
1306 1466 1363 1510 ne·

201 1551 316 1636 glaxit.
359 1548 479 1614 Nostra
500 1547 642 1612 ma‘xime
664 1549 813 1630 interest,
836 1549 922 1635 quod
944 1549 997 1614 hic
1020 1549 1188 1615 Diodorus
1212 1549 1360 1614 Tarsen-

203 1655 249 1718 sis
272 1660 360 1716 recte
382 1650 467 1715 idem
490 1648 546 1714 ille
569 1650 750 1714 existimari
777 1651 903 1715 videtur
909 1701 918 1733 ‚
940 1651 997 1738 qui
1021 1651 1063 1716 ab
1080 1649 1257 1716 Athenaeo
1277 1657 1312 1712 et
1326 1649 1360 1710 in
1459 1681 1460 1711 ι

205 1753 366 1818 SchPind.
393 1750 652 1837 Aristophaneus
673 1751 792 1816 dicitur
813 1753 876 1836 (et
882 1751 1113 1839 Aristophanis
1135 1752 1357 1817 imitationem

174 1935 181 1944 ι
205 1863 350 1943 praestat
371 1853 554 1971 glossarum
572 1851 867 1952 conquirendorum
890 1852 1032 1918 studium
1051 1854 1177 1939 pariter
1197 1863 1302 1940 atque
1325 1850 1359 1914 in

204 1955 444 2041 Artemidoro),
473 1957 551 2042 quia
574 1954 650 2020 inde
672 1936 875 2041 probabilius
898 1955 951 2035 fit,
979 1957 1077 2020 etiam
1105 1955 1356 2020 Artemidorum

204 2055 479 2142 Aristophaneum
500 2079 565 2120 non
582 2055 759 2120 diversum
764 2076 837 2119 esse
857 2054 1060 2138 aTarsensi,
1081 2059 1139 2142 qui
1157 2055 1250 2144 apud
1269 2053 1358 2118 Stra·

205 2159 323 2224 bouem
346 2179 417 2222 cum
438 2157 495 2222 illo
518 2157 744 2243 conjungitur3
768 2155 898 2223 videtur
920 2158 1005 2221 enim
1026 2157 1124 2223 Tarsi
1143 2158 1261 2223 schola
1283 2155 1356 2238 Ari·

207 2261 386 2348 stophanea
406 2258 462 2324 diu
486 2258 582 2322 stiam
603 2267 678 2343 post
695 2257 922 2324 Aristarchum
944 2247 1103 2324 flourisse.
1147 2260 1253 2324 Aetas
1278 2257 1356 2320 Dio·

207 2362 278 2428 dori
297 2361 373 2425 iude
396 2359 526 2425 definiri
548 2368 669 2446 potest,
694 2358 782 2447 quod
806 2369 837 2424 et
857 2383 877 2424 a
900 2359 1059 2426 Strabone
1081 2369 1354 2460 commemoratur

207 2472 240 2526 et
262 2484 334 2527 cum
357 2463 484 2548 Apione
510 2481 640 2577 operam
663 2462 879 2545 consociavit3
908 2462 1017 2527 hoc
991 2484 1019 2525 sr
1040 2484 1113 2527 eum
1134 2461 1247 2548 paullo
1271 2461 1354 2548 prio·

206 2587 275 2628 rom
292 2545 393 2627 fuisse
410 2563 576 2648 ponimuS,
599 2563 686 2627 circa
708 2583 736 2626 a.
761 2567 801 2628 30
820 2585 849 2626 a.
869 2511 944 2629 Chr.
964 2586 1007 2628 na
1009 2573 1061 2628 tus
1078 2563 1191 2646 luerit,
1214 2583 1352 2651 quocum

207 2667 326 2754 optimc
348 2664 508 2744 concinit,
536 2663 623 2752 quod
642 2685 662 2726 a
677 2663 837 2728 Strabone
855 2673 928 2752 post
940 2665 1184 2732 Artemidorum
1208 2665 1353 2732 nomine·

205 2777 268 2832 tur
303 2753 545 2832 Adversaretur
567 2763 615 2828 illi
639 2767 888 2880 computationi,
912 2767 999 2852 quod
1022 2766 1108 2854 apud
1130 2765 1244 2854 Steph.
1272 2767 1351 2852 Byr.

207 2891 233 2933 s.
265 2859 418 2950 Ἀγχιάλη
446 2865 677 2932 Athenodorus
704 2864 860 2951 περὶτῆς
886 2859 994 2932 αὐτοῦ
1020 2869 1181 2952 πατρίδος
1210 2863 1352 2952 γράφων
1395 2857 1401 2868 ’

206 2969 352 3034 Diodoro
382 2969 594 3053 grammatico
625 2977 757 3033 auctora
783 2969 900 3050 utitur,
929 2969 957 3032 si
987 2977 1092 3051 recto,
1122 2977 1160 3033 ut
1183 2968 1284 3054 vulgo
1308 2965 1350 3046 fit,

206 3069 437 3138 Athenodorus
470 3069 659 3152 Tarsensis,
697 3068 873 3134 Cananites
910 3069 1106 3158 appellatus,
1140 3069 1350 3157 philosophus

206 3174 335 3240 Stoicus
367 3172 619 3256 intelligeretur,
651 3174 707 3258 qui
738 3173 826 3236 circa
854 3194 883 3235 a.
912 3174 953 3234 42
984 3194 1013 3235 a.
1043 3171 1119 3236 Chr.
1145 3173 1218 3256 jam
1247 3171 1350 3235 senior

201 3263 284 3342 'crat
331 3275 431 3340 Recte
453 3295 531 3339 varo
553 3272 739 3338 Meinckius
759 3272 912 3358 judicare
936 3273 1079 3350 videtur,
1105 3276 1160 3360 qui
1183 3273 1218 3338 in
1241 3272 1349 3338 Indice
1459 3317 1460 3368 ,

206 3383 314 3466 potius
340 3375 593 3442 Anchialensem
616 3375 777 3462 quendam
806 3373 937 3438 aliunde
960 3396 1024 3439 uon
1047 3375 1213 3459 cognitum
1237 3372 1349 3439 intolli-
1459 3375 1460 3424 4

206 3481 262 3563 git.
296 3478 457 3544 Boeckhii
480 3475 622 3562 suspicio
641 3475 737 3540 Pind.
760 3477 807 3554 11,
822 3481 832 3538 1
850 3500 880 3563 p.
894 3492 973 3558 xm,
993 3478 1025 3540 in
1047 3474 1348 3563 inscriptioneiibri

207 3578 403 3666 Chrysippei
426 3570 510 3661 πρὸς
530 3569 609 3652 τοὺς
629 3569 798 3658 κριτικοὺς
814 3569 896 3661 πρὸς
910 3571 1091 3661 Διόδωρον
1105 3579 1346 3663 grammaticum

206 3679 481 3767 Aristophaneum
506 3677 754 3763 intelligendum
778 3701 866 3760 esso,
888 3701 971 3764 quac
994 3679 1065 3765 ejus
1088 3689 1229 3743 aetatem
1253 3679 1347 3763 Chry·

207 3782 299 3868 sippo
318 3802 383 3845 non
407 3779 595 3843 inferiorem
618 3781 783 3865 agnoscit,
801 3780 891 3845 nullo
914 3780 1076 3866 pracsidio
1099 3782 1226 3845 nititur.

293 3881 444 3946 Ceterum
466 3879 694 3946 Artemidorus
715 3905 792 3946 num
816 3881 1015 3946 carminibus
1038 3881 1195 3946 bucolicis
1222 3882 1349 3968 abipso

206 3982 353 4052 collectis
377 3983 644 4066 commentarium
669 3982 848 4063 addiderit,
872 3983 1055 4047 Fritzschio
1073 4006 1103 4070 p.
1122 3987 1173 4046 32.
1196 3984 1348 4050 incertum

206 4089 312 4154 uisum
327 4089 394 4150 'cst
441 4083 537 4166 Quod
565 4085 593 4149 si
620 4085 769 4166 fecisset,
792 4087 864 4171 ejus
885 4087 933 4149 roi
954 4085 1111 4149 memoria
1134 4086 1191 4149 vix
1221 4107 1348 4170 prorsus

206 4189 395 4255 interiisset.
440 4186 492 4250 De
519 4187 589 4271 ejus
613 4185 805 4252 collectione
826 4184 1047 4250 bucolicorum
1071 4185 1135 4252 alio
1164 4186 1237 4252 loco
1260 4187 1348 4272 plura

206 4289 457 4378 disputabimus.

213 4415 231 4423 ·
293 4393 325 4476 e)
354 4394 554 4454 Callimachus
581 4389 615 4452 in
639 4387 706 4452 seh.
729 4390 867 4470 v'11‚60.
891 4411 1005 4454 vocem
1028 4385 1192 4472 ἐφίληθεν
1215 4388 1350 4454 traditur
