2968 5060
601 399 811 450 sosarmo·
1231 407 1277 454 ΙΝ

114 567 201 614 xix.
228 547 355 614 Moseh.
379 565 406 613 1.
432 549 576 616 Theocr.
598 567 703 634 xxm,
730 555 842 618 1-25,
867 553 1274 622 xx1.Inc.v11.Theocr.

115 673 216 719 xxu.
252 653 321 718 Ino.
344 671 499 720 vl11.1x.
525 673 577 721 111.
601 673 692 722 v.11.
726 659 811 723 Bion
833 675 856 722 1.
895 661 955 733 Εἰς
974 652 1098 739 νεκρὸν
1118 654 1272 728 ”Aduena

115 762 199 827 Inc.
223 778 249 825 1.
269 761 397 827 Moseh.
421 778 461 825 11.
484 762 553 826 Inc.
577 779 623 828 lv.
646 766 834 856 Θφκρίτου
853 755 1111 848 Ἐπιγράμματα.
1136 761 1272 852 Σύριγξ.

115 865 333 952 Πτερόγιον.
371 864 541 943 Hellenos.

215 1007 338 1074 Omnia
355 1006 537 1071 Theocrito
561 1007 681 1071 diserte
702 1008 935 1074 adscribuntur
961 1008 1015 1073 vol
1041 1011 1141 1075 tacite
1173 1010 1273 1076 tribui
1374 1034 1379 1041 ·

116 1117 296 1181 videntur.
347 1113 508 1178 Attamen
538 1135 636 1200 quum
662 1113 760 1178 binae
787 1117 929 1202 paginae
963 1115 1123 1180 advorsae
1164 1121 1273 1181 ΘΕΟ-

119 1225 307 1286 ΚΡΙΤΟΤ
331 1223 602 1285 ΒΟΤΚΟΛΙΚΑ
631 1222 887 1308 superscriptum
914 1221 1072 1303 habeant,
1105 1221 1133 1285 is
1169 1223 1272 1286 index

121 1327 226 1391 deest
244 1327 324 1390 inde
347 1347 367 1390 a
391 1327 617 1413 quaternionis
640 1333 651 1390 i
673 1325 728 1391 tol.
755 1329 807 1410 1¹²·‚
827 1328 884 1392 ubi
907 1329 1022 1418 incipit
1045 1327 1114 1391 Inc.
1138 1345 1178 1410 1.,
1206 1329 1271 1394 nisi

121 1431 219 1520 quod
246 1431 396 1496 eiusdem
425 1433 651 1519 quaternionis
678 1431 757 1495 folia
786 1433 824 1493 2t·
853 1435 890 1496 3¹·
916 1431 1056 1497 eundem
1077 1444 1272 1522 receperunt

124 1562 232 1628 super
252 1537 362 1603 medio
392 1537 461 1601 Ine.
482 1554 506 1601 1.
536 1577 572 1585 -
601 1537 861 1602 Perturbationis
889 1538 1016 1627 aliquid
1044 1549 1210 1627 spectatur
1236 1541 1271 1606 in

124 1645 323 1732 idylliorum
346 1645 502 1708 numeris.
548 1644 658 1725 Quum
678 1645 766 1707 enim
790 1643 946 1731 pleraque
968 1667 1102 1710 numero
1126 1657 1269 1729 careant,
1319 1665 1321 1670 ·

125 1752 229 1838 primi
259 1748 357 1814 titulo
384 1749 534 1814 additum
560 1759 609 1814 est
635 1743 820 1812 Eidriitltov
850 1749 1002 1832 πρῶτον,
1039 1752 1174 1816 secundi
1205 1751 1269 1837 (Id.

127 1857 208 1942 vu.)
230 1851 417 1920 Eldritlrov
438 1849 492 1938 ff„
513 1855 722 1920 tertiidecimi
746 1854 811 1940 (Id.
830 1853 882 1941 ιι.)
906 1849 1089 1918 Είδύλλιον
1109 1861 1161 1938 B.‚
1179 1867 1270 1922 unst-

128 1963 282 2026 vicesimi
309 1960 449 2048 (Moseh.
479 1961 518 2046 1.)
542 1955 726 2024 Είδύλλιον
755 1965 810 2040 n,
847 1961 925 2025 noni
943 1983 1036 2026 ·vero
1066 1961 1129 2048 (Id.
1156 1962 1206 2046 x.)
1238 1973 1270 2029 et

129 2067 323 2156 idylliorum
345 2084 684 2154 xlv-xv111.,quae
706 2066 760 2132 hic
782 2065 923 2130 eundem
944 2064 1050 2132 locum
1074 2076 1203 2152 tenent,
1231 2072 1269 2134 ti-

127 2171 208 2237 tulis
232 2174 416 2260 praefixum
441 2168 624 2236 Eldriltrov
646 2177 687 2238 K.
710 2173 747 2246 Ξ.
774 2177 811 2236 0.
834 2174 879 2235 Π.
904 2173 939 2235 Ρ.
963 2175 1003 2234 Σ.
1055 2172 1120 2253 Qui
1143 2180 1269 2241 numeri

129 2281 287 2367 (excepto
308 2301 373 2345 uno
396 2279 448 2345 Id.
471 2295 548 2360 vin,
575 2280 663 2364 quod
685 2279 791 2344 locum
819 2277 974 2362 mutavit)
999 2301 1131 2366 prorsus
1155 2279 1267 2344 eodem

128 2383 227 2448 modo
250 2385 286 2448 in
308 2385 384 2450 Ald.
406 2386 576 2470 leguntur,
605 2384 662 2450 ubi
682 2385 797 2450 Moseh
820 2402 844 2449 1.
872 2387 1066 2450 vicesimum
1094 2388 1200 2452 locum
1221 2396 1268 2452 te·

130 2498 197 2552 net.
243 2489 393 2578 Apparet
421 2511 466 2553 ea
487 2499 600 2554 eontra
629 2500 772 2554 mentem
800 2492 934 2558 editoris
960 2515 980 2556 a
1002 2492 1185 2580 typotheta‚
1214 2495 1269 2558 cui

129 2593 274 2660 Aldinae
303 2593 474 2686 exemplar
501 2595 658 2658 traditum
687 2605 790 2676 esset,
820 2601 958 2684 repetita
985 2620 1074 2678 osse,
1097 2597 1184 2660 unde
1220 2595 1267 2660 sa

129 2709 218 2764 ctum
246 2711 284 2766 ut
311 2701 439 2765 numeri
470 2703 511 2764 K.
538 2704 575 2764 B.
610 2707 644 2766 Τ.
670 2701 751 2767 adeo
780 2725 853 2766 cum
884 2703 1000 2767 ordine
1028 2701 1181 2766 Iuntinac
1209 2723 1267 2788 pu-

128 2817 242 2890 gnent.
272 2847 307 2854 -
339 2807 515 2872 Lectiones
543 2829 585 2870 ex
614 2807 677 2872 hac
702 2808 845 2874 editione
869 2808 993 2895 primus
1015 2806 1058 2870 H.
1080 2805 1266 2893 Stephanus

128 2910 257 3001 aliquot
289 2913 440 3002 protulit,
480 2912 589 2999 plures
623 2914 781 2979 Reishius
818 2914 998 2979 secundum
1029 2913 1267 2978 Adnotatorem

128 3015 387 3102 Vimariensem,
411 3018 529 3084 deinde
546 3017 788 3082 Valckenarius
809 3019 950 3084 Roeveri
973 3018 1154 3106 exemplari
1175 2997 1266 3098 usus,

128 3133 198 3189 tum
227 3125 439 3192 Gaissordius
469 3127 566 3189 tacite
592 3133 738 3212 arrepta,
767 3125 831 3187 nisi
861 3122 974 3206 fallor,
1014 3145 1053 3186 ca
1082 3121 1267 3203 collatione,

130 3253 216 3318 quae
244 3233 331 3298 inter
360 3233 474 3320 copias
503 3229 727 3296 Dorvillianes
755 3237 847 3292 extat
884 3228 971 3314 (curn
998 3226 1130 3310 Heius.)
1161 3224 1266 3289 Codd.
1344 3277 1349 3284 .

130 3337 235 3402 Dorv.
266 3361 299 3426 p.
331 3343 399 3422 71„
424 3345 587 3426 postremo
618 3334 704 3401 God.
731 3333 941 3397 Hermannus
971 3331 1014 3396 ad
1043 3354 1082 3395 ea
1111 3332 1267 3414 carmina,

129 3465 214 3531 quae
250 3453 407 3532 tanquam
436 3445 550 3510 Bionis
584 3451 617 3508 et
641 3439 769 3512 Moschi
805 3436 859 3503 vel
890 3461 965 3503 cum
993 3437 1044 3504 his
1069 3439 1187 3523 edidit,
1228 3461 1266 3504 eo

129 3683 202 3749 quod
221 3699 282 3733 cnm
302 3683 390 3748 primo
409 3685 558 3738 cohaerere
577 3684 706 3746 debebat,
724 3683 851 3734 solitaria
868 3688 931 3734 sunt
950 3687 978 3733 et
996 3699 1013 3734 a
1031 3683 1188 3750 bibliopego
1207 3682 1265 3747 glu-

129 3777 185 3826 tine
201 3775 317 3826 inserta.
335 3775 405 3827 God.
420 3777 594 3828 Hermannus
607 3779 670 3842 post
683 3775 762 3824 Bion.
780 3777 807 3824 et
827 3773 931 3825 Moseh.
951 3791 978 3840 p.
997 3775 1040 3826 89.
1059 3775 1092 3826 de
1111 3789 1185 3825 aare
1206 3773 1266 3839 (mi-

129 3883 180 3918 nus
199 3871 293 3918 tamen
314 3867 459 3931 accurate)
477 3868 598 3920 reserens
616 3866 679 3918 hinc
698 3865 804 3930 colligit
823 3866 954 3917 editorem
973 3865 1060 3932 primo
1080 3864 1201 3913 ordinem
1222 3861 1267 3912 Al-

129 3955 211 4008 dinae
228 3957 309 4024 seqni
332 3956 472 4019 voluisse,
496 3957 626 4009 sedlshri
644 3961 723 4022 parte
741 3955 798 4004 iam
818 3955 950 4020 impressa
971 3954 1114 4006 consilinm
1131 3957 1263 4004 mutasse.

129 4047 260 4099 Attamen
279 4049 307 4098 in
326 4047 444 4112 exempl.
463 4048 550 4098 Basll.
568 4049 666 4100 bifolia
684 4065 710 4098 a.
729 4049 760 4110 i.‚
778 4063 803 4096 a.
824 4048 853 4096 ii.
870 4050 898 4098 et
915 4047 941 4096 b.
962 4047 981 4096 i.
999 4045 1106 4111 integra
1122 4049 1201 4106 sunt,
1220 4059 1266 4095 ne·

130 4154 182 4204 que
202 4137 288 4188 ullum
312 4137 444 4190 loliorum
469 4145 566 4204 postea
588 4142 752 4192 insertorum
776 4138 931 4203 vestigium.
972 4138 1073 4202 Itaque
1097 4137 1125 4186 in
1150 4133 1265 4200 exempl.

128 4229 204 4294 Lips.
221 4230 316 4294 potins
332 4227 438 4296 aliquis
456 4231 497 4281 ld.
516 4247 581 4294 rin,
607 4238 738 4297 tanquam
765 4244 819 4282 non
838 4244 888 4302 suo
906 4227 967 4278 loco
987 4227 1124 4293 positum,
1148 4223 1267 4275 exsectis

130 4317 203 4371 loliis
222 4319 448 4372 tranalocaturus
466 4320 552 4374 luisse
569 4321 687 4373 videtur.
729 4323 824 4386 Neque
842 4320 1015 4369 Hermannus
1033 4319 1107 4365 recte
1125 4313 1268 4378 perturba-

129 4409 230 4461 tionem
254 4409 350 4472 illam,
375 4424 446 4475 qnae
473 4413 501 4461 in
527 4411 682 4478 idylliorum
707 4410 825 4463 numeris
849 4413 908 4471 est,
936 4409 971 4457 ad
995 4407 1129 4455 mutatum
1153 4401 1267 4454 editoris

128 4502 272 4554 eonsilium
292 4502 391 4554 traxit.
