2968 5060
572 349 781 398 PRAEFATIO.
1196 351 1243 398 XV

111 499 143 562 in
156 502 202 578 lc,
220 496 359 564 Theocr.
380 503 583 566 xv111.in5.
627 501 742 589 Neque
766 500 836 567 sola
858 502 983 567 leviora
1000 502 1125 585 omisit,
1145 523 1245 590 quan-

112 627 200 690 quam
227 607 262 668 in
296 604 377 670 aliis
415 605 593 672 levissimis
627 617 664 673 ut
697 599 812 674 οὐκέτι
846 607 900 673 vel
933 599 996 672 οὐκ
1032 607 1080 670 ἔτι
1113 606 1244 692 religio-

110 709 266 794 sissimus,
291 710 354 776 sed
383 710 558 799 aliquoties
587 713 742 779 lectiones
771 721 887 780 notatu
908 713 1134 800 dignissimas,
1162 713 1244 778 adeo

108 836 194 879 unice
213 838 324 882 veras.

183 920 244 986 Vel
262 922 344 988 hinc
367 932 507 1012 apparet
527 947 544 988 e
566 923 695 993 silentio
709 926 853 1014 Ziegleri
875 937 970 992 caute
985 925 1141 992 lectiones
1156 925 1242 992 codi-

105 1049 174 1092 cum
205 1027 416 1116 colligendas
455 1055 537 1098 esse.
586 1033 726 1098 Accedit
759 1032 847 1120 quod
880 1055 1043 1120 nusquam
1076 1032 1246 1116 indicavit,

103 1155 193 1220 qnam
223 1134 410 1202 editionem
438 1149 594 1226 sequutus
623 1138 734 1204 fuerit.
777 1137 932 1204 Attamen
964 1161 1038 1204 eum
1068 1138 1245 1206 contulisse

59 1305 66 1322 .
103 1259 170 1302 oum
191 1239 344 1308 editione
360 1244 583 1312 Valckenario
606 1268 672 1311 non
691 1245 873 1334 antiquiore
896 1247 977 1312 satis
998 1253 1152 1333 apparet3
1172 1267 1245 1308 eam

102 1344 387 1432 Kicsslingianam
406 1351 525 1434 fuisse,
547 1352 627 1417 mihi
643 1375 685 1418 ex
704 1352 835 1418 indiciis
854 1352 1052 1438 quibusdam
1073 1351 1244 1440 probabile

103 1459 157 1515 est.
201 1453 325 1542 Neque
345 1465 456 1521 tamen
475 1456 510 1521 id
532 1460 616 1524 scire
633 1458 786 1538 referret,
805 1457 833 1522 si
853 1455 1025 1544 Zieglerus
1046 1467 1244 1540 constanter,

101 1569 135 1622 ut
156 1558 307 1628 voluisse
335 1563 487 1647 videtur,
514 1565 638 1630 variam
661 1564 834 1630 lectionem
859 1563 1021 1631 edanum
1049 1572 1176 1630 textum
1198 1563 1246 1628 ita

102 1665 354 1752 conformasset,
372 1679 409 1735 nt
424 1670 554 1736 codices
569 1691 635 1736 non
646 1671 807 1736 nominati
823 1680 879 1752 aut
893 1669 1066 1736 lectionem
1080 1679 1245 1758 receptam

102 1781 172 1856 aut,
199 1775 263 1842 nbi
292 1775 392 1841 lectio
413 1775 526 1863 eliqua
552 1776 689 1862 uulgata
712 1784 1001 1856 commemoratur,
1029 1776 1114 1840 hanc
1135 1785 1246 1842 tenere

104 1879 361 1950 affirmarentur.
406 1881 449 1946 Ei
478 1903 556 1950 vcro
589 1884 741 1950 instituto
772 1882 861 1948 haud
891 1903 964 1948 raro
992 1903 1059 1947 non
1091 1883 1246 1967 constitit,

105 1987 239 2054 minime
269 1992 306 2054 in
327 1988 466 2055 Theocr.
489 2006 549 2054 ΧΠ.
594 1990 663 2058 Ubi
692 1993 779 2058 inter
807 1989 874 2056 alia
902 2011 1003 2077 quum
1032 1987 1173 2056 ediderit
1196 2011 1245 2054 vs.

110 2095 135 2154 l.
157 2084 233 2176 tor,
258 2101 290 2162 3.
313 2094 441 2180 μᾶλον,
464 2100 494 2160 4.
524 2095 686 2182 σφετέρας
712 2108 746 2163 et
766 2094 968 2180 λασιωτέρα,
995 2099 1029 2162 in
1051 2095 1139 2160 Adn.
1162 2094 1247 2160 hanc

106 2201 234 2266 variam
258 2203 433 2270 lectionem
452 2203 605 2270 tradidit:
637 2196 724 2286 „o’cot
740 2203 816 2268 Vat.
839 2201 882 2266 A.
904 2201 1023 2288 Medic.
1044 2201 1190 2268 Medioll.
1217 2207 1244 2266 l.

20 2309 21 2324 ¹
107 2306 136 2369 2.
165 2309 242 2375 edd.
270 2319 367 2392 vett,
395 2297 505 2393 poilov
530 2311 626 2393 item,
655 2308 817 2395 σφετέρας
838 2317 870 2374 et
896 2307 1082 2395 tartesson
1105 2315 1178 2376 Vat.
1201 2310 1243 2375 A.

106 2409 254 2482 Medioll.
281 2423 310 2480 1.
340 2419 370 2480 2.
402 2417 477 2482 edd.
508 2419 618 2482 vett.“
661 2415 779 2503 Itaque
806 2414 846 2480 de
874 2415 1073 2504 reliquorum
1096 2416 1245 2482 codicum

107 2515 303 2588 lectionibus
325 2534 385 2588 no's
406 2523 644 2588 incertissimos
664 2519 883 2609 relinqueret,
906 2523 971 2589 nisi
989 2525 1088 2590 facile
1109 2545 1245 2612 appare·

109 2637 157 2691 ret
174 2631 211 2695 in
232 2630 375 2696 editione
399 2628 517 2694 collata
533 2627 688 2713 vulgatas
710 2627 831 2694 formas
849 2630 980 2697 Ionicae
1002 2630 1116 2695 fuisse.
1161 2629 1245 2694 Sunt

22 2744 23 2752 ’
108 2742 218 2800 antem
237 2732 320 2818 loci,
352 2736 410 2800 ubi
439 2735 587 2800 defectus
608 2734 809 2820 Zicgleriani
840 2738 949 2802 minus
974 2735 1071 2802 facile
1101 2733 1246 2821 suppleri
1345 2723 1348 2731 ’

24 2864 25 2867 ’
110 2845 246 2924 possint.
291 2841 393 2907 Haud
424 2863 497 2906 raro
524 2840 722 2926 ambiguitas
751 2850 783 2908 et
813 2841 996 2907 obscuritas
1024 2839 1244 2906 adnotationis
1351 2925 1356 2936 .

111 2947 254 3014 offendit.
301 2947 391 3030 Quid
410 2969 445 3012 v.
463 2971 498 3034 g.
526 2947 567 3012 de
597 2947 744 3014 codicum
773 2949 971 3023 lectionibus
997 2956 1180 3012 statuamus
1202 2967 1246 3009 ex

24 3047 26 3070 ²
110 3049 220 3120 hinad
239 3054 378 3121 Theocr.
393 3069 418 3137 1,
436 3055 487 3118 23.
507 3052 646 3136 (editum
667 3046 874 3139 ποιμενικὸς)
893 3053 1074 3120 adnotatis:
1095 3072 1246 3134 ‚,oroops-

24 3247 25 3251 Ἰ
111 3152 203 3236 vande
223 3161 300 3226 Vat.
319 3157 357 3224 C.
378 3157 483 3222 Palct.
502 3157 647 3226 Brunck.
666 3159 826 3224 Valcken.
859 3159 969 3224 Antea
987 3152 1245 3241 πωμευιυός““ὶ;

110 3268 165 3332 vel
199 3290 243 3334 ex
273 3266 325 3331 his
359 3287 440 3353 quac
474 3266 516 3330 ad
551 3275 717 3353 receptam
755 3265 927 3331 lectionem
956 3263 1095 3328 nme
1119 3279 1149 3343 1,
1176 3263 1245 3330 108.

112 3371 209 3463 [tte]
225 3372 394 3460 leguntur:
416 3373 581 3454 ,Λυκαίου
598 3369 745 3436 Bmmck.
761 3367 921 3436 Valclren.
954 3369 1064 3436 Antea
1081 3369 1244 3436 Λυκαίου.

110 3482 269 3546 Λυκαίων
285 3477 451 3545 Medic.“?
495 3478 607 3564 Aegre
627 3474 825 3563 intelligitur
845 3476 988 3565 reliquos
1010 3475 1111 3543 libros
1131 3497 1245 3562 πωμε-

111 3579 199 3662 νικός
219 3597 253 3654 ct
273 3587 429 3650 Λυκαίου
449 3586 545 3650 tueri.
591 3584 705 3673 Neque
731 3585 812 3650 satis
834 3595 966 3652 cautum
990 3594 1055 3668 est,
1085 3593 1121 3650 ut
1141 3586 1244 3652 variis

109 3687 254 3758 codicum
271 3689 469 3757 lectionibus
484 3691 679 3758 enumeratis
694 3701 783 3759 certo
798 3701 964 3778 appareat,
981 3690 1024 3755 ad
1038 3713 1133 3777 quem
1145 3712 1243 3778 quae-

109 3819 170 3884 que
190 3796 367 3864 referenda
389 3798 442 3862 sit.
486 3797 639 3884 Denique
660 3798 757 3864 valde
782 3795 984 3863 incommode
1006 3796 1162 3862 lectiones
1185 3795 1242 3862 ali·

108 3905 234 3990 quoties
255 3926 323 3970 non
340 3901 384 3968 ad
405 3923 481 3968 suos
500 3901 588 3970 locos
604 3912 911 3986 commemorantur,
930 3902 988 3968 sed
1005 3902 1048 3968 ad
1070 3902 1151 3969 alios
1169 3923 1241 3970 ver-

109 4031 176 4091 sus,
197 4009 277 4075 adeo
297 4007 342 4074 ad
364 4007 433 4071 alia
452 4007 578 4095 idyllia.

194 4111 414 4180 Nihilominus
442 4113 632 4182 collationes
666 4115 828 4204 Zicgleri,
860 4137 959 4202 quum
991 4113 1144 4182 meliores
1172 4112 1241 4176 fere

111 4219 280 4302 deficiant,
299 4219 493 4286 utilissimae
511 4233 598 4288 sunt.
643 4223 735 4303 Quae
755 4221 816 4286 hac
833 4221 991 4308 peculiari
1009 4219 1107 4286 laude
1123 4217 1243 4302 dignae

110 4335 201 4408 sunt,
223 4324 314 4414 quod
336 4347 435 4414 saepe
458 4348 524 4393 non
542 4326 647 4392 solum
670 4327 893 4414 discrepantes
914 4326 1071 4392 lectiones
1093 4328 1242 4386 enotatas

115 4435 202 4510 sunt,
227 4429 286 4496 sed
317 4432 415 4496 etiam
444 4434 689 4519 conspirantes,
717 4431 836 4498 deinde
863 4429 951 4518 qnod
972 4431 1008 4494 in
1030 4427 1112 4492 locis
1133 4425 1242 4492 dubiis
