2968 5060
568 387 778 436 rusursrlo.
1124 391 1248 439 LXXVII

65 545 190 608 tacito
211 543 411 608 testimonio
430 543 610 628 plurimum
631 541 709 606 fidei
730 539 843 606 haberi
865 541 986 626 possit,
1005 539 1116 628 paullo
1137 551 1247 608 lernen

70 653 205 714 minus
232 651 268 714 in
288 646 554 728 Mediolanensi,
583 669 679 735 quam
706 667 766 734 per
785 643 921 709 brevius
946 653 1073 733 tempus
1095 649 1244 712 manibus

73 757 247 821 versavi.
293 753 389 834 Quas
412 753 592 836 editiones,
614 753 670 818 ubi
688 750 879 839 conspirant
901 751 975 838 (eae
996 752 1138 838 quidem,
1163 777 1245 843 quae

76 863 253 952 quodque
272 881 410 925 carmen
427 861 567 942 tenent),
588 857 760 924 brevitatis
778 856 887 922 studio
907 856 991 942 siglo
1006 863 1086 923 Anu.
1102 881 1245 949 compre·

80 968 210 1034 hendi.
257 967 314 1030 Ex
336 966 478 1054 reliquis
493 962 739 1052 ·antiquioribus
760 961 959 1028 editionibus
982 963 1246 1054 frequentissime

81 1074 357 1140 commemoravi
387 1071 604 1138 Morelianam
631 1087 668 1134 11.
698 1069 808 1156 (Mor.)
842 1079 875 1134 et
906 1069 1198 1138 Commelinianam
1222 1092 1244 1140 1.

85 1187 240 1270 (Cosam)
251 1229 260 1262 ,
289 1200 377 1266 quae
407 1177 478 1242 fere
508 1177 595 1243 solae
619 1185 693 1263 post
720 1174 805 1239 lunt
834 1174 916 1241 Call.
945 1176 1114 1244 codicibus
1137 1184 1244 1246 nitun-

86 1299 158 1354 tur.
209 1285 375 1373 Reliquas
394 1283 466 1348 lere
488 1305 553 1348 non
573 1283 752 1365 nominavi,
772 1292 999 1370 praeterquam
1022 1285 1080 1349 ubi
1100 1285 1242 1376 aliquam

89 1397 280 1460 lectionem
311 1413 333 1456 a
361 1411 414 1455 me
438 1398 724 1455 commemoratam
746 1390 872 1476 primae
894 1390 1124 1459 exhibuerunt.
1165 1395 1242 1462 For-

89 1503 224 1566 mulam
242 1521 342 1581 vero,
365 1518 431 1585 qna
451 1517 531 1560 usus
553 1517 640 1578 sum,
662 1501 740 1560 Autt.
758 1507 826 1560 ante
840 1501 945 1576 Bloch,
965 1509 1034 1563 ante
1049 1503 1148 1580 suph.
1168 1511 1241 1587 etc,

92 1632 164 1674 non
189 1610 240 1672 ita
259 1602 403 1689 intelligi
425 1601 519 1684 volo,
541 1605 635 1689 quasi
656 1623 768 1668 omnes
790 1601 951 1668 editiones
973 1603 1101 1668 mediae
1120 1607 1241 1696 ubique

92 1737 174 1780 cum
198 1715 295 1778 Antt.
318 1711 542 1794 consentiant,
572 1729 654 1796 quae
677 1711 798 1796 partim
826 1706 922 1772 aliam
946 1710 1110 1794 quandam
1132 1713 1242 1780 lectio-

96 1845 180 1886 nem
203 1820 328 1885 habent
352 1815 434 1880 mihi
462 1825 714 1882 commemoratu
736 1837 803 1883 non
833 1813 967 1898 dignam
987 1815 1104 1882 visam.
1150 1819 1244 1885 Oete.

98 1951 176 1992 rum
205 1925 288 2012 siglo
318 1927 414 1988 Brut.
442 1943 555 1988 omnes
586 1931 653 1988 tres
681 1922 844 1988 editiones
866 1919 1130 2008 Brubachianas,
1159 1929 1243 2014 siglo

98 2039 208 2114 Steph.
231 2041 405 2116 utramque
428 2027 584 2115 Stephani
606 2027 848 2116 comprehendi.
893 2025 991 2092 Addo
1013 2031 1100 2116 quod
1121 2031 1242 2120 aliquo·

98 2145 164 2206 ties
188 2144 262 2204 aare
281 2137 425 2224 aliquam
448 2134 618 2198 lectionem
642 2143 755 2199 tenere
776 2135 945 2216 dicuntur,
976 2135 1004 2199 si
1030 2137 1071 2202 de
1090 2141 1242 2208 omnibus

99 2250 135 2311 in
155 2245 269 2310 indice
290 2243 451 2308 asterisco
475 2239 661 2305 carentibus
684 2241 805 2305 diserto
824 2241 1010 2336 testimonio
1033 2255 1175 2328 constat,
1206 2258 1242 2314 ut

101 2353 244 2417 Theocr.
262 2367 286 2432 1,
299 2355 330 2414 6.
354 2347 589 2430 nois-terr:
605 2353 637 2411 s.
659 2369 689 2410 a.
701 2369 734 2428 p.
754 2360 782 2412 o.
806 2360 852 2414 ro.
870 2353 907 2412 Ι).
927 2353 972 2412 M.
994 2355 1029 2414 P.
1048 2357 1082 2429 ο.
1105 2357 1142 2419 V.
1160 2361 1238 2421 Anto.

102 2457 296 2522 -Eadem
317 2455 494 2540 religione,
524 2477 587 2541 qua
613 2454 688 2518 illas
711 2456 820 2546 Anto,
842 2457 939 2520 etiam
963 2456 1123 2526 editiones
1150 2461 1237 2527 Flor.

102 2561 326 2647 Anthologiso
342 2559 532 2625 Planndeae
549 2568 581 2626 et
595 2558 705 2625 urire.
719 2561 821 2628 Gesn.
837 2563 932 2628 (lant.
948 2563 1080 2632 Stobaei
1095 2571 1236 2636 excussi.

188 2667 296 2732 Multa
326 2665 363 2729 in
394 2665 544 2730 codicum
574 2675 607 2730 et
636 2668 845 2752 antiquarum
870 2670 1050 2736 editionum
1078 2675 1239 2739 varietate

102 2776 183 2838 satis
198 2773 288 2838 levia
303 2781 390 2836 sunt.
419 2771 640 2836 Levissimam
655 2781 767 2838 tamen
780 2785 904 2862 partem
920 2779 955 2841 in
968 2777 1071 2842 Varia
1081 2779 1238 2844 Lectione

104 2882 165 2947 sub
185 2890 281 2946 textu
301 2878 410 2966 posita
428 2877 568 2942 tolerare
589 2877 694 2960 nolui,
717 2901 772 2944 cas
788 2884 994 2967 potissimum
1013 2881 1086 2947 dico
1108 2893 1238 2971 apertas

104 2985 323 3074 corruptelas,
346 3003 431 3070 quae
454 2984 489 3048 in
511 3006 575 3050 uno
597 2985 665 3050 solo
687 2983 772 3051 libro
792 2985 846 3052 vel
866 2989 900 3052 in
921 2989 1037 3076 paucis
1056 2991 1238 3055 arctissime

104 3094 289 3162 coniunctis
309 3090 541 3172 inveniuntur,
561 3091 680 3157 deinde
701 3093 845 3156 minutas
868 3093 1027 3178 quasdam
1049 3095 1238 3179 varietates,

105 3221 189 3288 qnae
220 3220 241 3262 a
264 3195 525 3281 religiosissimis
553 3198 658 3263 solum
680 3197 892 3263 collatoribus
916 3207 1068 3262 enotatas
1096 3221 1168 3263 esse
1189 3222 1238 3264 so-

105 3307 186 3372 lent.
229 3305 385 3368 Attamen
412 3323 454 3367 ne
480 3301 560 3368 haec
582 3306 714 3393 quidem
737 3324 871 3391 prorsus
891 3303 1124 3389 supprimenda
1146 3305 1238 3388 duxi,

107 3410 165 3477 sed
190 3410 366 3498 partimin
387 3407 539 3494 Append.
561 3426 584 3474 1.
611 3411 751 3494 tradidi,
777 3408 895 3496 partim
922 3409 957 3473 in
986 3411 1175 3494 quaestione
1197 3411 1238 3476 de

108 3515 374 3602 orthographicis
408 3514 619 3600 quibusdam,
657 3538 755 3605 quam
782 3513 875 3580 Tom.
905 3531 942 3581 11.
975 3517 1168 3602 continebit,
1201 3519 1236 3583 in

111 3631 315 3710 conspectum
349 3620 484 3686 redacta
519 3643 709 3710 proponam.
759 3619 867 3686 Huius
896 3623 1027 3709 generis
1060 3626 1236 3714 praecipue

112 3737 216 3810 erunt,
239 3739 323 3815 quae
344 3727 388 3792 ad
409 3725 548 3791 enolisin
567 3731 747 3815 pertinent,
767 3729 810 3794 ad
832 3730 951 3811 cresin,
973 3730 1017 3794 sd
1037 3733 1235 3800 coniunctio-

114 3857 179 3898 nem
204 3832 259 3900 vel
286 3833 487 3900 divisionem
515 3831 765 3918 vocabulorum,
789 3845 826 3900 ut
846 3827 959 3900 οὐκέτι
979 3835 1033 3900 vel
1052 3829 1115 3901 οὐκ
1135 3839 1182 3902 ἔτι
1203 3847 1237 3902 et

115 3937 187 4024 μηδὲ
208 3941 263 4008 vel
284 3933 331 4023 μὴ
354 3933 401 4002 dl.
447 3937 636 4004 Editionum
664 3949 775 4005 tamen
802 3943 1008 4027 antiquarum
1029 3945 1236 4028 apertissima

117 4047 263 4134 quaedam
295 4044 483 4133 sphalmata
507 4045 744 4132 typographica
771 4068 812 4112 ne
839 4068 877 4112 eo
904 4047 1036 4134 quidem
1066 4046 1234 4130 notabilia,

119 4155 191 4242 qood
211 4155 243 4218 in
266 4153 352 4218 alias
374 4151 535 4216 editiones
557 4150 718 4216 translata
739 4153 821 4235 sint,
850 4174 983 4240 prorsus
1005 4152 1236 4239 supprimenda

120 4259 198 4344 duxi,
224 4261 320 4325 cuius
351 4257 484 4344 generis
507 4259 640 4323 suntin
660 4257 747 4322 Med.
770 4273 798 4340 1,
822 4259 872 4323 32.
902 4251 1001 4341 ἄδρες
1024 4248 1235 4345 proditrices,

122 4379 155 4450 11,
168 4371 210 4432 71.
231 4355 378 4448 ποπμὰν
398 4383 457 4449 pro
477 4355 631 4446 πομπὰν,
654 4365 689 4427 in
704 4363 789 4429 lunt.
805 4379 817 4426 1
826 4411 835 4444 ,
854 4367 903 4428 14.
926 4355 1060 4446 ποημὰν
1081 4381 1140 4445 pro
1159 4379 1236 4421 ποι-

119 4463 183 4556 μᾶν,
200 4477 247 4540 37.
272 4469 475 4556 μοχθζίοντι
497 4491 556 4557 pro
579 4469 772 4552 μοχθίζοντι
795 4477 856 4532 ete.
