2968 5060
200 370 339 420 xxxvm
673 359 882 410 PRAEFATIO.

202 523 288 609 (D'·)
316 525 438 585 Ilieocr.
461 523 565 580 XVII.
588 522 710 580 XVIII.
741 521 827 582 H„-
858 523 927 577 tnm
955 513 1076 576 iterum
1102 533 1215 576 novae
1240 511 1370 598 partis

200 629 325 694 indicio
348 622 571 691 intercedente
598 622 684 709 (Βῦ)
717 623 839 684 Illeocr.
874 626 977 699 XIX„
1008 618 1101 681 cuins
1134 615 1243 681 ultimi
1284 617 1368 682 duo

202 757 318 803 versus
339 729 400 798 soli
423 730 457 792 in
474 725 599 814 pegma
620 723 792 808 leguntur,
815 723 943 811 reliqna
961 725 1085 810 pagina
1104 733 1138 787 et
1160 723 1274 787 tribus
1303 745 1365 786 se-

201 841 377 930 quentibus
396 836 512 900 vacuis
540 851 602 896 nec
625 831 734 894 minus
756 831 791 892 in
813 839 931 916 quarta
951 852 1012 894 sex
1032 851 1190 894 versuum
1215 830 1363 914 spatio;

200 959 271 1013 tum
295 949 417 1010 Iteom.
439 949 507 1017 ΧΧ,
531 945 660 1014 ott—fio.
680 939 766 998 XXI.
789 943 895 999 XXII.
919 941 987 1001 Ine.
1018 939 1104 1000 VIII.
1128 942 1184 1010 IX,
1207 943 1361 1012 tto—fin.

204 1065 315 1118 1-84.
340 1055 408 1114 Ino.
431 1052 472 1123 I.,
495 1045 589 1108 cuius
609 1051 684 1130 post
704 1041 803 1104 linem
823 1037 994 1104 absolutae
1022 1041 1127 1128 partis
1149 1040 1277 1104 indicio
1299 1043 1360 1105 in-

203 1167 361 1224 structum
383 1151 521 1217 dimidia
539 1149 609 1212 iere
631 1147 755 1233 pagina
782 1155 815 1208 et
835 1155 902 1210 tres
927 1158 1102 1234 sequentes
1121 1169 1263 1230 vacuae3
1295 1171 1358 1212 se-

203 1267 314 1353 quitur
334 1265 400 1324 luc.
419 1261 494 1328 VII,
517 1252 606 1341 quod
622 1251 793 1338 excipiunt
815 1275 932 1318 versus
955 1251 1100 1336 δέχνυσο
1116 1245 1179 1316 τὰν
1195 1247 1357 1336 σύριγγα

203 1393 234 1434 κ.
256 1389 284 1431 τ.
312 1369 342 1429 λ.
369 1362 451 1451 (vid.
478 1359 566 1426 Add
596 1356 640 1422 ad
660 1356 740 1422 Var.
763 1357 874 1441 Leet.)
900 1367 1049 1424 extrema
1072 1362 1217 1447 paginae
1246 1371 1353 1448 parte

204 1495 326 1556 vacua3
353 1477 517 1560 postremo
548 1462 749 1537 Πέλεκυς.
780 1502 818 1512 -
852 1464 967 1529 Codex
989 1467 1207 1554 complurium
1231 1487 1349 1532 corre-

204 1591 314 1644 cturas
332 1584 489 1663 expertus
513 1581 564 1636 est
584 1568 749 1634 eradendo
755 1619 765 1652 ,
793 1573 1029 1658 expungendo,
1053 1573 1347 1658 superscribendo,

203 1683 346 1770 deniqne
364 1683 399 1746 in
416 1679 564 1765 margine
577 1676 645 1762 (hic
656 1674 847 1763 plerumque
863 1677 975 1743 addito
990 1678 1058 1762 γρ.)
1078 1677 1196 1742 factas.
1225 1679 1345 1744 Dneb-

201 1811 300 1853 uerus
331 1797 461 1876 praeter
487 1788 593 1871 ipsmn
617 1782 788 1848 librarium
816 1792 850 1846 et
877 1783 1083 1869 Scaligernm
1101 1785 1248 1872 quinque
1270 1807 1343 1850 cor-

200 1901 365 1956 rectorum
386 1915 503 1956 manus
523 1891 677 1956 distinxit
698 1911 727 1952 a.
747 1887 779 1952 b.
797 1891 830 1970 β.
838 1885 881 1953 ὀ.
902 1888 935 1953 d.
957 1892 1000 1974 (c.
1023 1888 1160 1976 reliquis
1179 1893 1342 1956 recentio-

202 1997 303 2082 rem),
334 1999 393 2063 sed
414 2000 578 2063 concessit
605 1995 686 2061 mihi
704 2015 837 2058 manum
855 1997 906 2076 β.,
932 2016 1017 2082 quae
1039 1993 1108 2059 fere
1129 1998 1165 2058 in
1187 1999 1340 2082 margine

202 2103 420 2185 conspicitur,
443 2098 583 2166 fortasse
602 2100 751 2165 eiusdem
771 2101 963 2164 correctoris
979 2122 1051 2164 esse
1070 2123 1109 2166 ac
1127 2100 1174 2183 b.,
1196 2101 1232 2166 id
1251 2103 1341 2190 quod

200 2175 336 2292 propter
357 2209 594 2274 correctionum
621 2217 774 2270 naturam
800 2204 882 2268 mihi
907 2215 1033 2271 eertum
1054 2205 1237 2293 videtur*).
1277 2207 1338 2272 Ce-

202 2319 308 2374 terum
336 2337 395 2400 per
425 2338 460 2379 se
482 2322 573 2402 patet
600 2311 760 2377 iudicium
786 2312 827 2376 de
850 2311 1002 2376 manibus
1028 2311 1201 2400 aliquoties
1229 2315 1337 2380 minus

202 2427 327 2482 certum
353 2421 473 2504 fuisse,
505 2420 563 2485 ubi
596 2421 754 2484 correctio
782 2417 921 2503 singulis
949 2416 1069 2482 litteris
1096 2418 1149 2484 vel
1178 2408 1337 2506 paucissi-

202 2525 263 2586 mis
285 2528 517 2593 contineretur.
540 2563 577 2572 -
610 2523 743 2590 Codicis
766 2521 897 2587 collatio
915 2522 1125 2589 Dorvilliana
1147 2547 1200 2612 ap.
1227 2526 1336 2592 Gaisi.

202 2631 487 2718 negligentissima
509 2643 642 2698 estnec
659 2631 801 2718 pertinet
823 2629 867 2692 ad
892 2629 962 2694 Iuc.
991 2648 1015 2693 1.
1044 2647 1137 2713 vnn,
1165 2633 1336 2722 aliquanto

99 2819 102 2824 Ι
201 2735 316 2802 melior
349 2738 513 2804 Gailiana.
568 2737 653 2802 Mihi
683 2735 881 2800 Duebnerns
911 2736 1158 2822 religiosissime
1189 2737 1339 2801 excussit

201 2840 339 2908 Theocr.
362 2860 424 2906 mr.
446 2860 518 2906 xm.
542 2859 613 2906 xvi.
633 2859 841 2905 xix-xxm.
860 2833 1117 2925 Ἐπιγράμματα.
1135 2842 1204 2906 Ine.
1227 2859 1251 2905 1.
1275 2859 1335 2906 vn.

173 2989 176 2996 .
201 2962 276 3008 vin.
304 2963 371 3029 ix„
406 2947 526 3012 deiude
556 2957 759 3014 correcturas
785 2949 819 3011 in
847 2945 982 3034 reliquis
1013 2948 1135 3031 faetas3
1170 2957 1335 3034 postremo

201 3053 372 3137 quaerenti
396 3053 435 3117 de
457 3050 538 3117 locis
560 3053 699 3139 siugulis
719 3053 809 3117 haud
829 3054 942 3140 paucis
965 3053 1143 3140 respondit.

287 3159 336 3244 E]
361 3188 404 3217 =
424 3157 464 3222 E.
487 3157 574 3223 Gaii.
599 3197 638 3204 —
660 3165 742 3244 Reg.
766 3183 815 3223 nr.
839 3161 933 3223 2758.
952 3159 1061 3224 bomb.
1086 3182 1116 3224 a.
1141 3161 1233 3226 1393.
1257 3160 1335 3223 seri·

199 3275 287 3352 ptus.
312 3269 435 3330 Ilreoea
458 3271 579 3329 I-III.
610 3272 643 3327 V.
666 3272 686 3327 I
690 3273 722 3328 V.
752 3273 927 3329 Vl-VIII.
950 3273 983 3329 X
987 3274 1019 3329 V.
1041 3266 1253 3332 Antecedunt
1271 3272 1334 3330 He-

201 3370 286 3434 siodi
308 3371 349 3434 0.
371 3381 405 3435 et
427 3377 469 3434 D.

284 3476 345 3555 pa]
367 3505 411 3532 =
432 3473 470 3537 F.
490 3472 578 3538 Gail.
596 3513 639 3522 -
660 3474 742 3560 Reg.
757 3498 806 3540 nr.
824 3478 918 3541 2763.
943 3477 1331 3563 (olimColbert.)cl1art.

198 3715 274 3762 terea
295 3709 404 3759 initium
428 3704 518 3771 idyllii
540 3722 609 3758 xvn.
634 3707 749 3758 nitidius
772 3711 903 3775 scriptum
923 3715 1054 3777 tanquam
1079 3728 1151 3764 novo
1171 3715 1263 3779 operis
1282 3715 1332 3765 ini-

200 3803 239 3850 tio
257 3801 342 3851 iacto.

269 3905 296 3970 ²¹)
314 3907 384 3958 Vide
403 3907 475 3958 iuter
493 3906 550 3958 alia
568 3905 684 3957 Theocr.
702 3922 723 3968 1,
741 3905 795 3970 61,
814 3907 860 3958 ubi
874 3925 892 3960 a
910 3927 952 3978 pr.
976 3929 1049 3964 man.
1074 3903 1174 3963 κοῦτοι
1192 3926 1236 3961 τοι
1256 3911 1333 3976 φθο-

200 3991 269 4059 vs'to,
288 4011 306 4046 a
323 3993 370 4044 Dl-
388 3998 474 4061 priori
491 4010 535 4045 τοι
553 3997 768 4062 superscriptum
785 4015 827 4063 τι,
852 4015 869 4049 a
893 4000 941 4051 Dr.
960 4005 990 4052 in
1009 4017 1093 4070 marg.
1113 4018 1156 4068 γρ.
1182 4001 1331 4067 κερτομέω,

199 4103 282 4152 quum
301 4076 382 4137 κοῦτι
399 4102 444 4136 τοι
461 4082 601 4152 κερτομέοι
623 4087 736 4138 eandm
753 4090 859 4142 variam
877 4093 1022 4145 lectionem
1039 4093 1175 4156 efficiant,
1201 4109 1273 4158 quae
1291 4097 1332 4146 est

197 4178 272 4229 inlr.
308 4178 415 4230 Deinde
433 4179 625 4242 memorabile,
651 4179 722 4245 quod
746 4181 776 4232 in
798 4182 889 4248 priore
914 4181 1018 4234 codicis
1037 4188 1117 4248 parte
1141 4187 1206 4234 aute
1224 4177 1331 4246 Πτέρυ-

196 4286 247 4337 γας
265 4271 411 4322 Dnebnero
431 4276 543 4322 auctore
561 4269 652 4320 nullae
670 4269 803 4322 lectiones
821 4272 986 4337 marginales
1002 4289 1018 4322 a
1034 4271 1081 4322 Db·
1101 4273 1283 4338 reperiuntur,
1304 4273 1332 4322 in

196 4362 309 4428 reliquis
326 4361 399 4413 haud
416 4377 538 4428 paucae,
557 4361 704 4426 praecipue
723 4361 758 4411 ad
773 4360 889 4412 Theocr.
909 4379 991 4415 xvnr.
1010 4381 1083 4428 xrx.,
1102 4367 1199 4414 contra
1212 4362 1259 4414 hic
1274 4361 1331 4414 nul-

195 4453 240 4506 lae
258 4469 275 4504 a
292 4452 343 4503 De.
363 4458 473 4520 praeter
490 4453 532 4504 Id.
551 4467 636 4514 xum,
651 4451 698 4502 ubi
716 4456 858 4520 trtraequs.
