2946 5046
530 355 803 406 εοοιεοοιιεαι.
1219 341 1239 404 9
1287 315 1291 324 ’

97 501 155 590 μὲν
171 506 217 582 είς
238 531 265 570 ω
286 507 379 593 μέγα
402 503 457 576 ὁτὲ
479 506 514 574 δέ
537 511 583 584 είς
603 533 653 592 οι,
682 501 737 575 ὁτέ
758 505 796 574 δέ
816 511 864 584 είς
885 531 935 574 ευ.
974 506 1028 574 καλ
1051 509 1097 586 είς
1117 505 1179 593 μὲν
1202 499 1241 574 τό

99 631 122 672 ω
135 607 169 672 ἐν
181 620 250 685 τοῖς
266 601 460 695 ὀνόμασιν,
483 604 564 677 ὅταν
585 607 630 697 μὴ
653 603 718 677 άπὸ
740 609 965 696 συναιρέσεως
985 597 1022 698 ᾖ,
1043 607 1088 687 ὥς
1108 611 1240 696 μοῦσα

96 709 214 792 μῦσα,
242 709 464 794 βουκόλος
484 707 687 798 βωκόλος,
715 706 841 798 ούρεα
869 707 993 796 τέρεα,
1019 705 1117 790 τούς
1138 707 1240 796 πλό-

96 835 160 887 ους
186 804 267 889 τὸς
296 811 459 892 πλόως·
490 817 536 892 εἰς
565 811 601 882 δέ
620 809 682 899 τὴν
703 839 735 880 οι
757 813 794 879 έν
815 827 886 892 ταῖς
906 818 1074 899 θηλυκαῑς
1089 825 1243 898 μετοχαίς

94 913 155 977 τάν
166 911 383 998 βαρυτόνων
397 911 589 1002 ἐνεστώτων
604 907 648 993 ῦς
666 911 878 982 τύπτουσα
897 911 1116 998 τύπτοισα,
1140 911 1275 1000 γρά-ί)

94 1035 228 1097 φουσα
250 1016 487 1103 γράφοισα,
510 1013 719 1103 γελάουσα
741 1013 956 1102 γελάοισα·
980 1021 1027 1096 είς
1049 1015 1085 1084 δὲ
1106 1011 1168 1104 τὴν
1190 1041 1242 1100 ευ,

92 1109 169 1182 ὅταν
195 1111 265 1184 ἀπὸ
297 1121 529 1202 συναιρέσεως
558 1107 597 1208 ᾗ,
623 1111 668 1196 ῦς
693 1119 999 1205 Δημοσθένους
1019 1119 1243 1205 Δημοσθέ-

94 1243 199 1303 νευς,
228 1225 414 1288 ποιοῦσα
439 1223 634 1305 ποιεῦσα,
664 1221 766 1307 ἐμοῦ
792 1221 906 1306 ἐμεῦ·
939 1214 1098 1300 ὡσαύτως
1127 1219 1181 1288 καλ
1205 1219 1243 1286 ἐν

92 1335 156 1398 τοῖς
176 1329 390 1409 παθητικοῖς
403 1324 564 1409 μέλλουσι
578 1324 645 1390 τῶν
667 1315 860 1408 ὁριστικῦν,
883 1315 926 1401 ῦς
943 1327 1135 1410 κείσομαι
1155 1347 1243 1390 κει-

92 1424 243 1509 σοῦμαι
268 1427 513 1512 κεισεῦμαι,
538 1419 689 1514 ᾄσομαι
710 1418 890 1514 ᾇσοῦμαι
915 1417 1099 1514 ᾆσεῦμαι.
1122 1465 1166 1477 -
1190 1418 1242 1491 Τό
1263 1435 1294 1487 10

93 1519 311 1611 τύπτομεν
334 1523 539 1613 τύπτομες
568 1529 604 1594 οί
621 1534 765 1614 Δωριεῖς
786 1531 886 1611 φασί,
911 1525 967 1592 καὶ
988 1527 1122 1592 ποιοῦσι
1143 1528 1243 1593 τοῦτο

93 1625 141 1690 ἐπί
158 1623 277 1712 μόνου
301 1631 364 1696 τοῦ
378 1628 514 1714 πρώτου
529 1623 713 1714 προσώπου
727 1629 796 1694 τάν
808 1629 1049 1714 πληθυντικῶν
1063 1629 1130 1694 τῦν
1147 1628 1244 1714 ἐνερ-

95 1730 239 1814 γητικαῐν
261 1729 443 1818 ῥημάτων,
469 1726 511 1796 οῦ
529 1727 645 1817 μέντοι
667 1727 721 1796 καλ
743 1728 797 1796 ἐπὶ
819 1731 887 1796 τιῦν
907 1723 1175 1816 ἀπαρεμφάτων·
1203 1723 1246 1795 ού

95 1825 153 1916 γάρ
169 1850 261 1916 φασι
285 1829 492 1918 τυπτέμες
514 1826 666 1899 άντλτοῦ
685 1830 909 1917 τυπτέμεν,
931 1824 1017 1896 άλλᾶ
1039 1827 1245 1917 τυπτέμεν

97 1925 130 1997 τὸ
144 1957 165 1997 ν
179 1932 435 2020 φυλάσσοντες.
450 1975 490 1985 -
504 1929 628 2000 Ἰστέον
652 1927 703 1999 ὅτι
727 1932 783 1999 καὶ
805 1925 885 2010 τούς
907 1927 1142 2017 ἐνεργητικοῦς
1163 1931 1244 2018 μέλ-
1264 1946 1296 1997 15

97 2037 215 2113 λοντας
239 2035 298 2102 ἐπὶ
320 2039 377 2122 τῆς
395 2029 563 2121 ῦριστικῆς
584 2035 761 2120 ἐγκλίσεως
783 2034 839 2101 καὶ
860 2033 967 2118 πάσης
994 2038 1152 2118 συζυγίας
1180 2035 1246 2100 τάν

97 2133 303 2221 βαρυτόνων
324 2137 378 2206 καί
397 2133 663 2223 περισπωμένων
684 2135 739 2203 καὶ
761 2137 828 2203 τῶν
845 2140 891 2214 είς
908 2160 945 2221 με
964 2137 1182 2220 περισπῶσιν,
1203 2127 1247 2212 ῦς

99 2235 210 2319 τύιγω
235 2241 368 2324 τυψῦ,
391 2235 548 2324 ποιήσω
568 2240 744 2324 ποιησῶ,
769 2234 885 2305 δύσω
904 2238 1029 2303 δωσεῖ.
1052 2235 1106 2304 ἐπὶ
1128 2234 1164 2303 (λέ
1179 2239 1246 2304 τῶν

101 2332 334 2410 ῦποτακτικῦν
345 2337 557 2426 βαρυτόνους
566 2335 707 2418 τούτους
717 2336 965 2426 φυλάσσουσιν,
978 2329 1022 2415 τός
1037 2333 1107 2405 ἐάν
1121 2337 1245 2423 τύψω,

101 2435 170 2508 ἐὰν
193 2440 381 2530 ποιήσω,
405 2436 494 2528 [ἐάν
516 2437 667 2527 βάσω,)
692 2435 765 2508 ἐάν
786 2436 930 2527 στήσω.
955 2432 1113 2518 ὡσαύτως
1135 2458 1243 2526 προσ-
1262 2455 1297 2506 20

104 2548 290 2629 περισπῶσι
310 2545 366 2612 καλ
393 2538 472 2622 τοῦς
496 2537 576 2632 παρ’
601 2538 682 2630 ἡμῖν
707 2538 1072 2630 προπαροξυνομένους
1099 2550 1247 2629 παλλητι-

104 2641 182 2725 κοῦς
202 2647 408 2734 μέλλοντας,
437 2647 613 2723 ποιοῦντες
642 2649 688 2722 είς
710 2669 753 2711 ου
773 2643 828 2712 καλ
850 2638 1029 2728 τρέποντες
1050 2637 1112 2730 τὴν
1134 2669 1176 2711 ου
1199 2649 1246 2723 είς

106 2772 142 2812 ευ
163 2745 249 2818 κατά
278 2743 340 2836 τὴν
366 2747 434 2814 τῶν
461 2743 727 2834 περισπωμένων
750 2740 952 2831 άυαλογίαν,
984 2738 1028 2822 ῦς
1056 2750 1247 2832 κείσομαι

106 2853 329 2937 κεισοῦμαι
357 2851 579 2934 κεισεῦμαι
606 2842 781 2934 άναλόγως
805 2850 850 2940 τῷ
872 2849 1073 2935 ποιοῦμαι
1099 2850 1247 2914 ποιεῦ-

105 2977 181 3035 μαι.
210 2995 250 3003 -
275 2947 320 3019 Τό
343 2947 406 3037 τύ,
431 2955 463 3017 εί
481 2947 544 3037 μὲν
565 2953 665 3036 δηλοῖ
682 2945 719 3017 τὸ
741 2946 806 3034 σύ,
830 2942 1079 3035 ὀρθοτονεῑται·
1099 2952 1131 3016 εί
1150 2947 1186 3016 δέ
1208 2944 1245 3016 τό
1265 2969 1298 3020 25

105 3051 161 3138 σε’,
186 3059 385 3140 ἐγκλίνεται.
406 3055 445 3120 Ε.
462 3055 501 3118 F.
517 3055 560 3120 H.
578 3055 617 3120 N.
635 3055 718 3122 Gen.
737 3053 967 3142 Lips.)-(1·3.
985 3053 1032 3118 Ac
1050 3047 1246 3130 ἐπενθέσεις

107 3158 169 3222 τῶν
183 3153 357 3240 Αἰολέων,
377 3147 421 3232 ιῦς
444 3148 480 3221 τὸ
502 3159 601 3221 κυσί
621 3149 808 3220 κύνεσσι·
832 3156 869 3220 αί
884 3151 1076 3229 ἐπεκτάσεις
1097 3153 1164 3219 των
1175 3146 1249 3220 Ἀτ-

107 3263 206 3326 τικιῦν
229 3251 274 3336 ῦς
296 3253 334 3324 τό
357 3244 481 3334 οῦτος
503 3249 664 3323 ούτοσί·
692 3257 730 3321 αί
750 3251 944 3342 αφαιρέσεις
962 3255 1030 3319 νῦν
1049 3246 1185 3321 Ἰάνων·
1215 3255 1252 3319 αι’

108 3509 163 3557 λινε
177 3505 325 3565 videntur,
345 3503 392 3552 ubi
409 3504 474 3567 μοιλ
494 3502 662 3566 epigramma
694 3500 771 3566 Lips.
815 3499 859 3564 λλ)
873 3490 1014 3561 τύπτομαι
1023 3487 1164 3573 τύπτομαι·
1173 3496 1248 3563 Lips.

107 3566 296 3634 άλλοςὸΧῐος
311 3577 395 3622 ποίεε
409 3571 542 3636 quaedam
555 3570 588 3621 de
602 3569 660 3620 ιλὶιι-
697 3562 793 3633 11)ολ
823 3567 1022 3632 Δωριεῖς....
1040 3576 1196 3628 προσωπου
1222 3573 1250 3618 εί

107 3645 185 3706 lecto,
199 3644 298 3711 quibus
309 3641 438 3705 subjecta
454 3639 600 3707 epigraphe
612 3655 657 3688 κυ-
694 3643 792 3704 pontes
812 3635 869 3686 τῶν
886 3627 915 3687 ἐν
935 3629 1000 3700 βημ,
1018 3651 1071 3687 om.
1086 3634 1153 3689 Gen.
1204 3637 1248 3702 λδ)

109 3713 160 3778 ροῦ
175 3704 305 3779 μανουὴλ
322 3709 374 3761 τοῦ
392 3701 593 3776 μοσγοπούλου
613 3725 660 3775 po·
695 3703 889 3774 καλοωὼἰμε.
937 3705 980 3771 λθ)
991 3699 1133 3761 format&
1145 3699 1247 3766 πάσας.

107 3789 161 3836 tius
181 3785 217 3836 ad
239 3783 386 3849 sequentia
405 3780 512 3832 scholia
530 3780 659 3845 pertinet.
695 3806 730 3815 -
744 3774 808 3844 τάν)
819 3777 881 3829 add.
896 3778 964 3829 Gen.
976 3776 1053 3842 Lips.
1091 3773 1136 3840 18)
1150 3779 1250 3828 Exem-

107 3856 138 3906 λιι
152 3855 192 3906 τ.)
205 3858 272 3904 κολα
284 3852 327 3903 Id.
346 3853 359 3903 1
377 3850 446 3902 nihil
462 3849 564 3916 legitur
583 3865 662 3915 prae·
696 3849 743 3914 pla
758 3864 810 3900 om.
832 3847 901 3898 Gen.
953 3845 999 3912 20)
1022 3836 1072 3896 ἐάν
1091 3840 1175 3896 δύσω
1199 3863 1249 3899 om.

107 3931 147 3976 λετ
158 3923 266 3974 brevem
279 3923 409 3973 notitiam
424 3921 457 3972 (λε
469 3919 588 3972 dialecto
607 3921 662 3970 Do·
696 3919 846 3983 Gen.Lips.
884 3913 1169 3982 21)περισπῦσι(λεα.
1205 3915 1250 3981 22)

107 3987 437 4046 τλυιίστίονκ.τ.λ.-
458 3979 660 4046 ίστέονάιςλλ.
695 3981 848 4038 τόουίλεο.
885 3979 1249 4052 24)τόμι·οτρῖ(λευ.λιίρε.

109 4063 266 4129 (λεαλιίρε.
325 4058 351 4126 l)
374 4057 454 4125 μέγα]
474 4058 536 4109 add.
555 4060 578 4110 1.
593 4059 660 4110 Gen.
696 4055 742 4120 24>
774 4053 912 4119 ποιοῦμαι
942 4053 1088 4120 ποιεῦμαι]
1117 4051 1252 4120 ποιέομαι

108 4135 182 4200 λιίρε.
234 4132 258 4196 1)
277 4123 333 4194 τὴν
348 4145 376 4179 οι
392 4127 557 4194 δίφθογγον
568 4135 596 4179 et
609 4121 662 4190 τήν
696 4123 837 4189 ποιοῦμαι
862 4123 999 4192 ποιεῦμαι
1019 4125 1112 4190 Lip³.‚
1131 4118 1252 4200 ποιήσο-

109 4218 139 4252 εν
158 4200 246 4267 δι’φθ.
270 4203 349 4266 Lips.
379 4205 407 4251 et
433 4200 492 4250 nine
514 4190 567 4260 τήν
593 4198 661 4248 (λου.
695 4211 746 4261 μαι
765 4193 904 4258 ποιοῦμαι
917 4191 1053 4259 ποιεῦμαι
1068 4195 1252 4255 Gemmatu-

109 4272 135 4336 2)
147 4263 192 4322 ἐπλ
210 4287 259 4338 ρτο
280 4261 311 4320 ἐν
331 4269 409 4335 Lips.
464 4269 491 4330 4)
504 4261 559 4325 τεός
576 4259 662 4325 πλεός.
697 4279 780 4330 σομαι
797 4261 973 4330 ποιησοῦμαι
995 4259 1179 4339 ποιησεῦμαιε
1190 4259 1250 4311 roll.

111 4337 134 4391 εί
153 4333 244 4400 ιλὲιές
268 4341 345 4405 Lips.
402 4336 431 4403 6)
450 4337 505 4402 γελ.
529 4336 584 4402 γελ.
608 4353 660 4388 om.
696 4335 742 4399 27)
755 4328 876 4394 αίρλέων
889 4335 913 4385 1.
973 4326 1127 4397 ’28)οῧτως
1148 4325 1257 4378 ουτασί

111 4411 172 4463 Gen.
215 4401 331 4476 Ί)ὅταν
351 4401 404 4474 μὲν
425 4407 493 4458 Gen.
546 4405 574 4469 8)
593 4399 663 4468 ἐμοῦ
697 4405 868 4470 Βοτλιὼἱμε.
897 4403 1033 4467 Deinceps
1045 4398 1252 4462 inssorb.Lips.

111 4471 169 4547 ἐμεῦ
189 4499 242 4535 om.
261 4481 331 4532 Gen.
390 4476 433 4542 10)
456 4467 499 4542 τό]
514 4475 577 4528 add.
594 4475 662 4526 Gon.
697 4463 1029 4538 ἰοεειλεάτηροῖςέπεσιν
1044 4463 1252 4534 (ἐπεσσιΒοιλι.)
