3046 5050
626 407 835 456 Paternum.
1203 411 1301 461 uxvu

251 559 366 647 Hans]
395 563 557 638 Theocriti,
579 564 708 636 Moschi,
731 564 850 636 Bionis,
878 562 995 624 Sinuri
1013 581 1088 639 qnae
1109 573 1214 628 auant
1231 586 1299 630 curn

166 674 290 732 Graeat
310 675 341 732 in
360 671 545 732 theocritum
555 671 681 732 &tans
696 679 725 730 et
739 669 847 730 Indice
862 671 986 744 capara.
1032 669 1137 731 Omnia
1155 676 1252 736 radia
1271 685 1302 736 el

162 796 257 853 opera
279 779 415 838 Danielis
435 777 560 838 Heinsir'.
604 779 758 838 Accedunt
779 776 901 854 Iaseplu'
920 775 1082 850 Seniani,
1105 777 1208 838 Isaaor'
1236 781 1298 840 Ca-

163 885 291 944 snnhoni
324 891 353 944 et
385 885 516 946 eiusdem
544 886 678 946 Danielis
712 885 831 945 Heinsir'
856 884 950 944 Notae
983 889 1013 942 ei
1036 883 1198 944 Lectiones.
1248 887 1298 946 Ex

164 991 344 1066 niunpurc
359 991 596 1052 Canneaninno.
619 991 828 1052 11.1).01111.
853 999 881 1049 4.
897 1023 938 1034 -
954 983 1111 1049 Continet
1133 985 1214 1050 haec
1232 988 1300 1052 edi-¹

163 1093 209 1156 tio
231 1092 348 1156 eadem
368 1095 517 1158 carmina
544 1103 577 1158 et
601 1095 714 1158 eodem
737 1093 850 1158 ordino
880 1099 978 1178 atque
1001 1089 1126 1154 Comm.
1150 1109 1174 1156 1.
1219 1091 1297 1158 Ver-

163 1201 212 1264 sio
234 1197 357 1262 Latina
379 1200 413 1265 in
434 1203 582 1286 margine
602 1203 724 1288 posita,
755 1199 886 1264 Scholia
906 1206 980 1284 post
1002 1197 1144 1261 minores
1168 1199 1296 1285 idyllia-

162 1327 235 1368 rum
256 1313 368 1392 partes
388 1307 572 1372 interserta.
617 1307 747 1371 Heinsii
769 1305 867 1388 liber,
888 1305 945 1391 qui
965 1302 1018 1367 hic
1037 1301 1189 1383 „Exoial
1211 1309 1297 1370 Θεο-

161 1407 307 1492 aprcnral
331 1411 401 1476 sive
422 1411 616 1477 Lectionum
631 1412 909 1476 Theocriticarum
924 1408 1026 1474 Liber
1044 1407 1173 1493 Uuus,“
1195 1413 1296 1477 multo

162 1516 296 1580 uberior
318 1525 351 1580 ct
378 1517 580 1582 emendatior
607 1527 657 1583 cst
687 1540 782 1606 quam
814 1519 848 1582 in
876 1516 1019 1580 editione
1041 1516 1158 1602 priore.
1203 1516 1295 1581 Idem

162 1633 195 1686 et
216 1623 430 1709 inscriptione
453 1633 486 1686 et
503 1624 709 1708 praefatione
730 1625 831 1688 totius
851 1623 958 1710 operis
983 1645 1018 1685 se
1042 1619 1201 1686 editorem
1222 1646 1294 1710 pro·

162 1729 285 1794 litetur.
332 1730 488 1793 Attamen
508 1729 543 1793 in
563 1738 689 1794 textum
711 1752 754 1794 ox
779 1728 909 1794 Heinsii
937 1727 1132 1792 coniecturis
1161 1728 1202 1792 ab
1225 1731 1295 1815 ipso

164 1837 308 1900 maxime
330 1833 583 1918 commendatis,
606 1835 687 1901 adeo
710 1859 727 1900 e
749 1835 898 1900 codicum
913 1832 1108 1899 lectionibus
1124 1833 1167 1897 ab
1182 1835 1295 1900 eodem

164 1939 313 2026 probatis
334 1938 416 2005 nihil
434 1949 600 2028 receptum
619 1951 684 2025 est,
714 1943 878 2029 quinium
903 1943 940 2005 in
957 1940 1082 2007 Comm.
1110 1955 1133 2004 1.
1157 1943 1296 2028 reperia-

162 2055 227 2110 tur.
273 2045 370 2112 Unde
399 2057 536 2134 apparet
569 2051 605 2112 in
631 2057 724 2113 textu
758 2047 855 2112 huius
882 2048 1037 2112 editionis
1069 2047 1296 2113 constituendo

161 2149 339 2216 Heinsium
366 2151 475 2218 nullas
502 2163 611 2241 partes
640 2155 810 2237 habuisse3
843 2154 964 2218 nimiae
999 2154 1086 2218 onim
1116 2155 1295 2220 modestiae

114 2241 118 2252 ’
162 2255 289 2322 crimen
310 2279 330 2320 a
351 2259 425 2322 viro
443 2259 680 2326 alienissimum
703 2283 775 2326 esse
799 2269 936 2324 constat.
980 2259 1113 2325 Scholia
1137 2279 1173 2322 sc
1190 2257 1297 2323 obiter

160 2366 357 2430 emendasse
376 2367 412 2430 in
433 2366 542 2432 Praei.
566 2369 637 2454 ipse
659 2368 838 2456 profitetur.

625 2543 845 2554 ———--.---

247 2639 313 2706 Pro
343 2640 523 2728 appendice
554 2663 767 2707 commemoro
797 2641 1044 2726 antiquissimas
1076 2641 1295 2729 Anthologiae

160 2743 352 2808 Planndcae
375 2755 407 2810 ot
431 2745 563 2812 Stobaei
586 2749 763 2830 editiones,
787 2746 906 2834 quibus
927 2769 1006 2811 usus
1030 2769 1111 2812 sum.

248 2872 345 2960 Flac]
374 2865 625 2959 Ἀνθολογία
646 2868 866 2959 διαφόρων
889 2867 1211 2958 ἐπιγραμμάτων
1232 2881 1293 2936 etc.

160 2979 201 3042 ln
230 2978 337 3043 caleo:
369 2983 551 3059 impressum
578 2985 748 3049 Florentiae
769 3005 831 3064 per
856 2987 1049 3046 Laurentium
1074 2984 1233 3044 Franeisei
1258 2983 1297 3044 de

161 3092 262 3165 Alopa
283 3094 415 3149 venetum
436 3089 492 3148 111
514 3090 582 3150 idua
603 3095 725 3167 ananeli
744 3094 781 3152 M
796 3093 892 3155 Caco
903 3091 1136 3152 LXXXXIJII.
1159 3097 1187 3148 a.
1213 3084 1294 3150 Sub-

161 3191 300 3278 scriptio
319 3212 393 3254 cum
414 3190 538 3254 ultimis
558 3189 646 3256 foliis
664 3193 757 3258 deest
773 3195 808 3258 in
824 3203 963 3282 utroque
982 3189 1161 3276 exemplari
1178 3189 1295 3254 biblio-

160 3298 279 3363 thecae
309 3297 435 3382 Regiae
460 3296 737 3382 Hannoveranae‚
771 3321 834 3386 quo
865 3321 945 3363 usus
980 3319 1061 3361 sum.
1115 3294 1294 3380 Sequentes

161 3403 352 3468 Planudeaa
374 3403 533 3468 editiones
553 3425 620 3469 non
635 3403 686 3469 -ad
707 3427 824 3470 manua
847 3404 981 3470 luerunt
1003 3407 1134 3487 praeter
1158 3398 1294 3464 chhe-

160 3509 284 3574 lionam
306 3507 459 3572 Francos.
482 3512 573 3574 1600.
598 3509 655 3576 fol.

252 3633 363 3722 Trina]
374 3639 497 3702 Ioannis
505 3641 813 3704 Stobaicolleca‘ones
821 3641 1048 3704 Sententiarum.
1060 3643 1129 3702 Ma.
1139 3641 1235 3700 XXX
1243 3639 1293 3700 VI.

159 3743 199 3808 In
222 3742 331 3808 calce:
360 3747 486 3808 Venetas
507 3751 538 3808 in
560 3749 683 3809 aedibus
703 3748 929 3811 Barrnonnaez·
941 3750 1061 3810 Zanetli
1074 3749 1293 3821 Casterzaaen-

157 3857 215 3926 eis,
243 3869 315 3912 aere
337 3867 405 3910 aero
430 3859 460 3911 et
479 3853 635 3929 attinentia
654 3855 778 3916 Ioannis
805 3857 967 3916 Franeisei
990 3855 1166 3916 Trincaaeli.
1209 3854 1295 3912 Anno

156 3979 179 4022 a
211 3966 307 4036 partu
343 3959 475 4034 Viror'nr's
511 3959 553 4019 M.
576 3960 613 4020 B.
639 3959 776 4020 XXXV.
811 3961 915 4022 Mense
940 3963 1109 4022 Februarii.
1146 3969 1174 4019 1.
1217 3953 1294 4042 Ipse

157 4060 323 4149 possideo.

248 4189 335 4249 Gesn.
349 4185 388 4273 1.]
413 4189 537 4252 Ioannes
561 4189 680 4250 Stabaei
700 4191 868 4252 Sallentina
886 4197 947 4252 cte.
971 4209 990 4250 a
1011 4191 1148 4252 Conrado
1165 4189 1294 4248 Gesnera

159 4421 275 4471 melinus
293 4420 414 4471 curavit.
449 4421 595 4484 Nunquam
611 4421 709 4470 vidisti
731 4421 840 4470 lacinus
862 4419 1059 4484 impudentius3
1087 4415 1153 4465 nihil
1176 4413 1293 4477 foedius,

157 4517 206 4560 aut
227 4511 256 4561 in
275 4525 331 4576 quo
348 4511 460 4560 maioris
479 4511 662 4576 negligentiae
680 4511 817 4576 specimen
835 4508 1001 4575 typographi
1018 4507 1151 4557 ‹lederint.

1048 4593 1086 4652 θ*
