2968 5060
595 371 803 422 etantanto.
1181 377 1266 426 mx

109 520 216 587 Silber
242 520 288 585 el.
319 523 470 590 Franck
492 525 626 591 Romae.
671 523 768 589 Hane
798 523 976 590 editionem
1000 527 1179 613 principem
1210 553 1264 594 ne·

110 651 171 716 qne
193 629 347 694 libertus
374 639 615 696 commemorat
637 653 742 719 neque
755 631 942 712 Brunetus,
966 631 1024 695 sed
1044 633 1184 700 Heinius
1202 636 1264 700 Re·

108 745 188 824 pert.
212 736 390 823 Bibliogr.
426 759 476 800 nr.
504 739 616 800 15478.
661 736 770 816 Quum
799 735 986 802 Eucherius
1012 738 1121 804 Silber
1146 743 1212 806 iam
1232 765 1262 807 a.

109 844 186 904 1478
213 841 323 906 libros
357 842 590 929 impresserit,
621 840 818 906 Frederieus
847 863 925 907 vero
960 842 1029 908 dux
1059 845 1204 911 Urbinas
1231 847 1262 911 d.

111 951 157 1012 16.
180 946 268 1014 Nor.
291 970 326 1012 a.
356 950 448 1012 1482
470 955 618 1012 mortuns
645 949 704 1031 sit,
731 957 855 1012 eertum
877 949 1010 1014 videtur
1035 949 1122 1015 hune
1145 950 1263 1017 librum

106 1063 179 1118 ante
201 1075 233 1116 e.
258 1057 350 1120 1483
377 1055 492 1121 lucem
508 1053 643 1121 vidisse.
687 1054 867 1143 Exemplar
888 1065 1004 1122 nactus
1026 1077 1098 1120 sum
1119 1077 1162 1120 ex
1183 1055 1263 1122 bibl.

109 1159 338 1244 Gottingensi.

187 1265 271 1353 —]*
299 1269 465 1330 Ttaeoeriti
484 1267 631 1330 Bucolica
653 1287 714 1346 per
732 1271 906 1333 Ptu'leticum
932 1290 950 1332 e
972 1272 1089 1347 Graepo
1112 1272 1261 1332 traducta.

109 1375 229 1446 (nuc.
245 1375 383 1436 Hesiodi
404 1375 553 1448 &cretea
572 1391 630 1450 per
651 1377 808 1438 Nicolaum
831 1379 869 1439 de
897 1379 989 1438 Valle.
1033 1378 1159 1438 Hesiodi
1183 1377 1261 1438 Tire-

110 1486 212 1558 oconia
232 1501 293 1560 per
315 1481 478 1542 Bortinam
492 1480 717 1554 timentium.)
739 1500 765 1541 s.
789 1478 809 1542 1.
836 1488 868 1544 et
889 1501 920 1544 a.
944 1482 975 1542 4.
1004 1479 1107 1565 (typis
1121 1479 1260 1544 Bernar-

113 1585 178 1648 dini
200 1585 241 1650 de
260 1583 444 1650 vitalibus
463 1581 612 1647 Venetiis
631 1585 719 1649 cirea
741 1586 847 1668 1490).

194 1691 275 1781 -1*
304 1695 464 1756 Theocriti
470 1679 629 1754 'nucum
650 1697 713 1754 eie.
744 1689 795 1776 (ut
825 1693 949 1778 praee.)
993 1690 1035 1753 ln
1059 1688 1165 1753 coloe:
1194 1694 1261 1754 Im-

114 1819 245 1876 preesum
274 1803 413 1864 Venetiis
434 1817 496 1876 per
516 1798 744 1860 Berucrdiuum
773 1800 912 1860 Venetam
941 1801 978 1860 de
1007 1797 1151 1860 Vitatnus
1178 1801 1262 1858 Anno

121 1907 224 1968 aunan
245 1906 553 1968 recocarent.
580 1906 609 1964 4.

196 2009 249 2098 —1
288 2013 448 2076 Ttteocriti
478 2013 641 2074 cumeum
666 2015 727 2074 sice
757 2015 857 2089 potius
888 2013 1059 2088 Aepolicum
1092 2025 1213 2090 carmen
1241 2028 1261 2068 a

120 2119 256 2181 Ptrtletico
274 2113 455 2180 traductum
477 2124 565 2194 atquc
579 2117 771 2180 conscensio
785 2119 975 2180 elucidatum.
991 2118 1118 2178 Parisiis
1140 2111 1181 2196 (I.
1201 2112 1261 2176 Pe·

119 2217 181 2304 tit).
204 2231 288 2284 tito.
311 2224 345 2284 4.
388 2219 581 2307 Exemplar-i
603 2220 786 2286 Dresdensi
805 2243 885 2286 usus
909 2243 991 2285 sum.

200 2325 254 2413 —l
285 2331 441 2394 neuma
460 2321 822 2392 committentia
848 2339 958 2408 septem
985 2333 1092 2406 priora
1113 2348 1133 2389 a
1154 2329 1258 2390 Ptrile-

123 2438 173 2496 lico
186 2439 215 2496 in
233 2438 382 2500 Laduwn
396 2453 518 2498 carmen
536 2435 687 2497 traducta.
733 2430 774 2496 In
794 2432 900 2496 calce:
925 2431 1078 2496 Eacusum
1098 2435 1259 2496 Bacentrie

124 2545 249 2617 iapertsa
270 2545 392 2606 Allierti
407 2541 584 2616 Pasraetcr’r'.
627 2541 703 2604 Idas
726 2542 1063 2604 &incestantia
1085 2541 1115 2600 4.
1139 2536 1258 2601 Exem-

126 2641 191 2728 plar
210 2644 437 2730 Gottingense
460 2643 604 2730 inspexi.

204 2752 312 2841 lecal*
344 2756 492 2818 Theocriti
512 2753 700 2830 Syracusani
715 2753 828 2830 Idpltia
849 2757 973 2829 triptota
994 2772 1049 2816 sea
1069 2756 1163 2812 latino
1183 2769 1259 2812 car-

130 2861 199 2920 mine
219 2863 345 2922 reddita
367 2861 454 2922 Helio
471 2861 594 2920 Ecbano
606 2857 698 2918 Herse
719 2861 889 2936 interprete.
922 2860 1090 2935 Hapnnoae
1102 2876 1159 2934 per
1173 2858 1258 2917 Iocn.

130 2965 270 3026 mena
290 2983 376 3028 anno
389 2965 496 3026 XXX.
520 2961 633 3046 (1530)
653 2981 751 3025 mense
769 2966 934 3027 Nouembri.
963 2964 993 3026 8.
1038 2959 1132 3023 Haec
1151 2957 1258 3024 versio

132 3089 184 3152 pro
201 3068 300 3135 altero
326 3077 414 3134 tomo
438 3065 591 3132 editionis
614 3064 705 3130 Cam.
729 3075 790 3132 est.

205 3173 256 3264 —]
284 3179 437 3240 Theocriti
465 3208 506 3218 —
527 3175 649 3238 Ecbano
675 3178 770 3238 Hcssc
800 3179 962 3251 interprete
993 3173 1044 3256 (ut
1066 3172 1102 3233 in
1123 3169 1259 3255 praee).

137 3281 318 3346 decennum
345 3299 451 3344 recens
479 3281 627 3342 Theocriti
656 3299 753 3357 penus
781 3297 819 3342 ac
846 3283 916 3338 uita.
965 3280 1009 3340 De
1036 3282 1200 3340 inventione
1223 3295 1262 3338 ac

136 3387 293 3453 incrimine
317 3388 530 3451 Bucolicorum
549 3392 727 3450 carminum.
772 3389 849 3449 Imm
874 3388 1000 3460 sinuatis
1027 3386 1168 3462 Eidplliis
1194 3387 1261 3445 sin-
1293 3387 1297 3396 '

135 3496 200 3564 aua
225 3503 404 3574 arpurnenta
432 3511 453 3554 a
479 3495 607 3570 quodam
635 3497 750 3556 Graece
777 3495 941 3568 Latineque
966 3495 1084 3554 erudito
1114 3493 1260 3552 latinitate

139 3599 244 3662 loma.
275 3603 459 3664 Excudebat
480 3602 559 3660 And.
577 3601 747 3662 Cratander
761 3602 818 3661 An.
834 3601 878 3660 M.
891 3598 928 3658 B.
941 3599 1064 3660 XXXI.
1098 3593 1138 3660 In
1152 3593 1259 3659 calco:

139 3703 263 3773 Baeticae
290 3728 331 3772 ex
358 3709 483 3770 aetina
510 3709 652 3768 Andreae
686 3708 851 3768 Cratandri
880 3723 978 3768 meme
1012 3705 1177 3780 Septembri
1202 3703 1259 3762 aa.

142 3811 176 3870 11.
191 3815 222 3874 11.
238 3816 361 3878 XXXI.
395 3811 426 3874 8.
475 3808 516 3873 In
542 3809 608 3874 fine
635 3811 747 3876 variae
782 3810 937 3876 lectiones
971 3807 1125 3874 editionis
1154 3805 1259 3886 Cam„

141 3920 256 3997 quaein
271 3919 350 3986 Bas.
366 3935 390 3981 1.
407 3915 544 3999 desunt,
560 3925 733 4000 congestae
749 3924 835 3982 sunt.
880 3914 1073 4000 Exemplari
1087 3933 1166 3977 usus
1187 3932 1259 3974 sum

144 4017 329 4108 Ameisiano,
360 4024 448 4112 quod
472 4023 587 4088 eadem
612 4044 769 4110 compage
795 4043 868 4085 cum
898 4019 976 4086 Bas.
1006 4036 1029 4082 1.
1062 4019 1258 4083 continetur.

212 4133 289 4221 -]*
325 4135 473 4196 llreccriti
497 4169 541 4181 -
567 4135 689 4195 Ecbano
715 4133 807 4194 Hesio
840 4136 1000 4207 interprete
1036 4133 1097 4189 ete.
1137 4124 1188 4208 (ut
1223 4120 1258 4183 in

149 4239 251 4323 praec.)
273 4243 402 4302 Parisiis
423 4243 509 4319 apud
525 4241 667 4303 Iacobum
687 4239 873 4315 Bopurdum.
898 4245 986 4298 1546.
1013 4232 1062 4295 tt.

214 4341 389 4408 Praeterea
409 4342 539 4407 Eobani
560 4343 669 4408 versio
691 4343 803 4407 addita
825 4349 875 4404 est
896 4337 1095 4404 editionibus
1115 4329 1218 4396 Brub.
1238 4343 1261 4389 1'.
1340 4387 1349 4410 ‚

152 4445 338 4534 literatos
357 4463 382 4512 1.
407 4451 495 4514 1550.
521 4459 553 4514 ot
575 4447 679 4516 Brub.
702 4464 738 4514 11.
765 4447 868 4530 1553.
888 4444 956 4510 vid.
981 4461 1081 4528 supra
1101 4441 1132 4519 ξ.
1155 4439 1185 4504 9.
1220 4431 1260 4498 In
