2968 5060
574 320 784 368 PRAEFATIO.
1146 323 1243 370 XLVlI

85 481 204 558 cer-pta
229 493 247 535 c
274 471 454 538 veteribus
489 473 597 559 potitis
623 472 689 558 legi
712 471 830 550 refert,
861 495 926 559 quo
948 472 1005 538 illa
1025 471 1244 558 Anthologiae

85 599 168 664 pars
187 578 351 665 pertinere
368 579 522 646 videtur.
558 581 611 644 De
626 578 837 666 anthologica
854 579 912 643 illa
932 580 1053 645 codicis
1068 589 1161 666 parte
1176 578 1242 644 vid.

87 682 336 750 Schneidewini
359 685 547 773 Progymn.
570 687 604 750 in
623 684 723 750 Antb.
749 683 807 748 Gr.

180 791 304 880 Arar]
328 791 437 856 Paris.
462 793 546 878 Reg.
568 814 617 855 nr.
641 791 712 854 352.
746 790 912 879 Supplem.
934 793 1043 858 bomb.
1067 815 1132 859 scc.
1156 809 1243 874 xm„

89 896 185 960 unde
208 899 296 962 inter
316 896 422 962 multa
445 899 680 986 epigrammata
699 901 812 962 Mosct.
835 906 886 963 VI.
907 898 1030 964 editum
1049 920 1070 963 a
1089 896 1244 964 Cramero

89 1003 252 1068 Aneedd.
274 1005 384 1068 Paris.
408 1021 455 1068 ru.
481 1029 514 1091 p.
538 1007 610 1068 379.

184 1110 309 1198 Aaou]
334 1111 510 1176 Gudianus
534 1133 583 1175 nr.
605 1116 655 1174 77.
680 1112 714 1175 in
737 1109 818 1174 bibl.
845 1109 1045 1198 Guelpherb.
1069 1133 1135 1177 seo.
1159 1129 1242 1196 xrv„

92 1227 258 1304 excerpta
285 1239 329 1281 ex
349 1216 485 1280 Anthol.
507 1214 646 1280 Planud.
669 1217 850 1280 continens.
897 1215 1112 1282 Collationcm
1133 1219 1240 1306 idyllii

91 1323 227 1387 Mosch.
252 1340 289 1386 11.
314 1331 347 1386 et
368 1321 615 1409 epigrammatis
637 1320 762 1386 Mosch.
786 1339 831 1384 vr.
855 1320 1103 1390 Schneidewino
1125 1324 1240 1392 debeo.

187 1444 322 1533 stuba]
344 1477 389 1503 =
411 1442 508 1508 Fabr.
533 1443 572 1506 C.
594 1444 697 1508 Dorv.
724 1443 768 1494 '...
793 1443 908 1508 Codex
928 1444 977 1508 Io.
998 1444 1074 1511 Alb.
1097 1445 1242 1514 Fabricii

95 1551 342 1636 epigrammate
364 1551 552 1633 continens,
575 1572 639 1638 quo
658 1549 841 1616 Dorvillius
863 1572 943 1614 usus
965 1560 1030 1633 cst,
1052 1551 1119 1616 vid.
1137 1551 1241 1618 Codd.

97 1654 206 1720 Dora.
237 1678 271 1742 p.
294 1659 347 1720 64.
393 1655 475 1722 Inde
499 1657 587 1745 apud
611 1656 717 1723 Caisf.
749 1656 880 1742 (quiin
908 1655 1068 1721 Codicum
1094 1658 1243 1742 catalogo

99 1761 190 1826 hunc
205 1783 272 1825 non
292 1769 541 1846 commemorat)
556 1785 680 1851 paucae
693 1762 853 1828 lectiones
871 1760 914 1825 ad
931 1763 1047 1824 Moser.
1065 1767 1106 1825 11.
1119 1759 1245 1826 allatas.

189 1866 244 1930 Ad
270 1866 362 1932 idem
383 1889 487 1952 genus
509 1869 659 1934 codicum
680 1873 847 1957 pertinent
867 1865 902 1929 bi
921 1863 1136 1931 Laurentiani
1159 1867 1245 1955 apud

101 1971 321 2036 Bandinium:
344 1972 397 2036 Pl.
412 1990 493 2038 Lxx.
516 1997 567 2040 nr.
585 1976 636 2040 35.
655 1975 792 2040 membr.
817 1996 882 2039 sec.
898 1988 967 2052 xv.‚
991 1970 1047 2036 ubi
1066 1972 1243 2042 Mosoh.11.

100 2079 188 2142 inter
215 2078 444 2164 miscellanca,
468 2089 537 2144 tum
566 2080 615 2145 Pl.
644 2097 764 2147 anxur.
792 2105 840 2146 nr.
873 2081 921 2144 13.
951 2078 1053 2142 chart.
1080 2101 1145 2144 sec.
1175 2097 1244 2166 xa,

100 2181 354 2267 miscellaneae,
382 2194 416 2250 et
436 2184 485 2250 Pl.
509 2203 580 2250 xor.
607 2209 658 2250 nr.
682 2191 712 2252 8.
736 2187 837 2252 chart.
861 2209 926 2251 sec.
950 2201 1038 2269 xva,
1066 2186 1243 2274 inquibus

100 2290 229 2355 blosch.
253 2307 290 2356 11.
314 2313 390 2356 cum
412 2293 657 2379 epigrammatis
677 2294 882 2380 quibusdam.
905 2331 945 2342 —-
969 2292 1155 2357 Planudeae
1176 2293 1243 2358 An-

100 2396 268 2482 thologiae
299 2407 442 2485 quatuor
475 2399 643 2466 codicibus
675 2381 834 2464 Parisinis
862 2399 1047 2464 Brunckius
1074 2421 1154 2464 usus
1183 2409 1243 2484 est,

100 2501 189 2566 unde
208 2502 253 2566 ad
271 2501 523 2590 Epigrammata
540 2513 573 2570 ct
586 2507 711 2574 Mosch.
728 2524 766 2571 11.
784 2527 905 2594 paucas
923 2506 1079 2571 lectiones
1096 2505 1242 2593 protulit.

468 2693 512 2746 ΙΙ.
548 2693 700 2750 codices
719 2693 884 2750 Stobacl.

317 2811 348 2878 a)
371 2811 580 2885 Florilegii.

189 2915 242 3004 A]
273 2916 381 2982 Paris.
403 2939 453 2982 nr.
480 2922 570 2985 1984.
592 2919 701 2988 bomb.
727 2943 789 2988 sec.
812 2937 888 2984 xm.
912 2918 966 2984 vel
988 2913 1178 2985 Gaisfordio
1199 2915 1246 2980 iu-

103 3021 179 3086 dice
202 3043 269 3086 sec.
295 3038 367 3088 xlv,
413 3023 561 3091 Contulit
582 3027 809 3111 Caisfordius,
832 3022 929 3092 simul
950 3023 996 3086 H.
1021 3021 1129 3087 Crotii
1150 3023 1246 3087 colla-

103 3131 194 3194 tione
215 3151 308 3196 nsus.
352 3130 465 3196 Aliam
490 3130 695 3200 collationem
716 3153 737 3194 a
755 3129 920 3194 Presselio
947 3127 1100 3193 editionis
1119 3128 1247 3192 Tauch-

103 3237 253 3300 nitianae
275 3237 457 3325 exemplari
477 3239 677 3326 adscriptam
698 3235 969 3302 Schneidewinus
991 3232 1071 3297 mihi
1091 3255 1248 3321 usmpan-

106 3343 184 3406 dam
213 3345 370 3430 permisit.
424 3343 570 3411 Tertiam
591 3344 878 3412 accuratissimam
913 3340 1055 3406 locorum
1087 3339 1247 3406 bucolico·

106 3471 180 3514 rum
194 3449 373 3518 Dnebncro
395 3451 514 3535 debeo,
536 3453 593 3539 qui
616 3451 704 3518 solus
722 3459 893 3536 utramque
915 3469 1046 3513 manum
1068 3448 1245 3514 secundam

107 3555 267 3622 distinxit.
1162 3571 1168 3580 ·

190 3663 244 3754 B.]
274 3663 382 3730 Paris.
412 3686 463 3730 nr.
496 3666 587 3730 1985.
620 3664 724 3730 chart
758 3685 823 3732 sco.
851 3678 924 3726 xv1.
954 3661 1023 3728 fere
1053 3660 1164 3724 medii.
1206 3659 1248 3723 In

107 3767 290 3834 Gaisfordii
308 3781 412 3836 usum‘
422 3790 497 3834 cum
514 3768 566 3834 ed.
578 3767 732 3836 Trincav.
749 3770 911 3836 commisit
922 3767 1113 3833 Theodorus
1126 3769 1247 3852 Sypsc

106 3895 177 3940 mus
198 3875 359 3940 Graecus.

189 3980 242 4069 ra]
272 3979 379 4046 Paris.
403 4003 454 4045 nr.
480 3979 574 4044 2092.
603 3981 707 4046 chart.
729 3979 989 4060 recentissimus,
1016 3999 1036 4040 a
1057 3975 1248 4040 Caisiordio

107 4103 178 4152 raro
201 4087 384 4152 secandum
407 4084 617 4152 collationem
639 4087 747 4153 Grotii
769 4085 944 4150 adhibitus.

187 4191 237 4284 L]
267 4191 458 4258 Leidensis.
488 4189 592 4258 chart.
616 4211 681 4254 sec.
702 4207 760 4256 xV.
792 4191 869 4255 olim
894 4187 939 4253 is.
961 4187 1088 4266 Vossii,
1117 4183 1249 4248 Stobaei

107 4297 227 4386 aliquot
248 4307 387 4386 panes,
415 4303 586 4384 politanam
609 4294 813 4382 potissimum
833 4294 936 4378 dicta,
961 4311 1118 4379 perverso
1138 4289 1250 4354 ordine

105 4406 286 4472 conducas.
312 4401 466 4468 Contulit
483 4399 704 4466 Gaisfordius.
730 4399 785 4464 Ad
796 4399 884 4463 locos
900 4417 978 4462 vero
990 4391 1157 4460 bucolicos
1174 4393 1251 4460 olim
