2968 5060
621 360 830 408 emanatio,
1197 364 1296 413 LXVII

234 509 347 600 enea]
377 516 551 592 Theocriti,
573 518 703 590 Maseli,
725 517 844 588 Bionis,
873 515 990 576 Sinna
1008 533 1083 591 qnae
1103 526 1209 580 extant
1227 538 1294 582 can

155 625 276 684 01111111
295 627 326 682 in
344 623 539 684 theocritum
549 625 675 685 &toties
691 631 720 683 et
735 623 842 683 Indica
856 623 982 697 cephea.
1028 621 1132 684 Omnia
1151 628 1247 688 sardio
1266 637 1296 689 et

151 747 246 806 opera
266 731 403 790 Danielis
423 731 555 791 Heinaii.
598 732 753 792 Accedant
774 729 896 806 Iosepti
915 727 1078 803 Scate’aert,
1101 730 1204 790 Isaaci
1231 733 1293 792 Ca-

151 837 280 908 saahoni
313 845 342 896 et
374 839 510 898 aaran
538 838 672 898 Danielis
706 837 826 898 1111111111·
850 837 945 896 Notae
979 845 1008 896 et
1031 836 1194 897 Lectiones.
1244 839 1293 898 En

153 943 591 1019 arnapam-enneaneano.
613 945 705 1005 MD.
719 943 822 1004 01111.
847 952 876 1002 a.
892 973 933 988 -
949 935 1107 1002 Continet
1129 937 1210 1004 haee
1228 941 1294 1006 edi·

152 1047 200 1108 tio
222 1044 339 1110 eadem
360 1047 511 1111 carmina
539 1055 571 1110 et
595 1047 708 1112 eodem
730 1045 844 1110 ordine
874 1053 973 1130 atque
996 1042 1121 1107 Oomm.
1146 1060 1169 1107 1.
1215 1043 1293 1110 Ver·

152 1153 203 1216 sio
224 1151 350 1215 Latina
371 1153 406 1216 in
427 1155 576 1239 margine
596 1155 719 1242 posita,
749 1151 881 1217 Scholia
901 1158 975 1236 post
996 1149 1139 1214 minores
1163 1151 1291 1238 idyllia-

151 1279 226 1322 rnm
248 1266 361 1344 partes
382 1259 567 1325 interserta.
611 1260 742 1324 Heinsii
764 1258 862 1340 liber,
883 1257 939 1344 qui
959 1255 1012 1320 hic
1031 1253 1184 1337 „Exatal
1206 1262 1292 1324 Θεο-

150 1359 301 1445 κριτικαὶ
323 1364 395 1430 sive
417 1364 610 1430 Lectionum
625 1365 904 1430 Theocriticarum
919 1361 1021 1428 Liber
1038 1361 1168 1444 Uuus,“
1189 1367 1291 1430 multo

153 1469 289 1534 uberior
310 1479 344 1533 et
371 1471 575 1535 emendatior
601 1482 652 1536 est
681 1493 777 1557 quam
809 1473 843 1535 iu
871 1467 1013 1534 editione
1036 1469 1152 1556 priore.
1198 1469 1291 1534 Idem

152 1586 187 1640 et
207 1576 424 1662 inscriptione
447 1584 481 1640 et
498 1575 703 1662 praefatione
725 1578 826 1643 totius
846 1575 952 1662 operis
978 1597 1013 1638 se
1038 1572 1197 1640 editorem
1218 1599 1289 1664 pro·

152 1682 278 1748 fitetur.
324 1684 482 1746 Attamen
503 1683 538 1746 in
558 1693 683 1748 textum
705 1707 748 1748 ex
774 1682 905 1747 Heinsii
932 1681 1128 1744 coniecturis
1157 1681 1198 1745 ab
1221 1684 1291 1767 ipso

156 1791 300 1852 maxime
322 1787 577 1870 commendatis,
600 1789 682 1854 adeo
704 1813 722 1853 e
744 1787 894 1854 codicum
908 1785 1104 1851 lectionibus
1121 1785 1163 1850 ab
1179 1789 1292 1852 eodem

157 1893 305 1980 probatis
326 1892 409 1958 nihil
428 1903 594 1980 receptum
614 1905 679 1979 est,
708 1896 788 1982 quin
808 1897 874 1958 iam
900 1895 935 1958 in
953 1893 1078 1959 Comm.
1106 1909 1130 1956 1.
1153 1895 1293 1980 reperia-

154 2009 221 2063 tur.
264 1999 363 2066 Unde
392 2010 532 2087 apparet
564 2004 599 2066 in
625 2011 719 2066 textu
752 2001 851 2067 huius
878 2001 1033 2066 editionis
1065 2001 1292 2066 constituendo

152 2103 332 2171 Heinsium
359 2105 470 2170 nullas
497 2117 606 2194 partes
634 2108 806 2190 habuisse3
838 2107 960 2172 nimiae
995 2107 1082 2170 enim
1112 2107 1291 2174 modestiae

99 2197 105 2206 ¹
153 2211 281 2276 crimen
303 2233 323 2275 a
344 2212 419 2278 viro
438 2212 675 2280 alienissimum
698 2237 770 2280 esse
794 2223 930 2279 constat.
976 2213 1109 2278 Scholia
1133 2233 1168 2276 se
1186 2211 1292 2276 obiter

151 2319 350 2385 emendasse
370 2321 406 2384 in
427 2320 538 2386 Praei.
561 2323 632 2408 ipse
653 2322 833 2409 profitetur.

619 2497 840 2508 ...-.—.—-—-.-

239 2594 306 2662 Pro
336 2594 519 2682 appendice
548 2616 763 2661 commemoro
793 2596 1038 2681 antiquissimas
1071 2593 1290 2682 Anthologiae

153 2699 345 2764 Planudeae
369 2710 402 2764 et
425 2699 557 2766 Stohaei
581 2702 759 2785 editiones,
782 2701 900 2789 quibus
921 2722 1001 2765 usus
1025 2723 1106 2766 sum.

241 2827 338 2915 Flam]
368 2819 620 2913 Ἀνθολογία
641 2823 861 2913 διαφόρων
883 2821 1206 2911 ἐπιγραμμάτων
1228 2834 1289 2889 etc.

154 2934 194 2998 In
223 2933 331 3000 calce:
363 2937 546 3013 Impresswn
573 2939 743 3003 Florentiae
764 2959 825 3019 per
849 2941 1044 3001 Laurentina
1069 2939 1228 2998 Francisci
1254 2937 1292 2997 de

154 3049 255 3121 Alope
277 3051 409 3103 cenetam
432 3043 488 3103 111
509 3044 577 3104 iaia
598 3049 720 3122 anemii
740 3047 778 3107 M
790 3048 886 3108 CCCC
898 3045 1132 3106 111111111.
1154 3051 1183 3102 l.
1209 3037 1290 3102 Sah-

154 3147 293 3234 scriptio
313 3167 387 3210 cum
409 3145 534 3210 ultimis
553 3143 641 3212 foliis
658 3148 752 3214 deest
768 3149 804 3212 in
819 3157 959 3234 utroque
978 3143 1158 3229 exemplari
1174 3142 1291 3207 biblio-

154 3253 273 3318 thecae
303 3253 429 3338 Regiae
455 3251 732 3336 Hannoveranae,
766 3275 830 3341 quo
861 3273 941 3316 usus
976 3271 1058 3314 eum.
1111 3247 1291 3332 Sequentcs

154 3359 345 3424 Plnuudeae
368 3358 529 3425 editiones
550 3381 615 3426 non
629 3358 681 3424 ad
702 3380 820 3424 manua
842 3358 977 3422 fuerunt
1000 3361 1131 3440 praeter
1155 3351 1290 3416 Weehe·

154 3465 277 3530 lienam
299 3462 455 3528 Francos.
478 3467 568 3529 1600.
593 3465 650 3532 iol.

245 3589 356 3678 Trina]
367 3595 493 3656 Ioannis
501 3595 808 3659 Stobacicollectioner
816 3597 1043 3659 Sententiarum.
1055 3597 1125 3656 Ma.
1135 3595 1231 3654 XXX
1239 3593 1289 3654 VI.

153 3699 191 3764 In
215 3697 324 3764 calce:
354 3703 482 3764 Venea'is
502 3706 533 3764 in
555 3705 679 3764 aedibus
698 3702 924 3765 Bartholomaei
936 3704 1056 3764 Zaaeai
1070 3703 1289 3777 Casterzaaen-

150 3813 207 3882 sia,
234 3823 401 3869 aereaere
427 3814 456 3866 et
476 3809 631 3884 diligentia
649 3810 773 3870 Ioannis
800 3812 962 3872 Franctsa'
985 3808 1162 3870 Trineaaeli.
1205 3809 1291 3867 Anna

150 3937 171 3978 a
203 3922 300 3993 parta
336 3915 471 3988 Verania
506 3915 549 3974 M.
571 3916 609 3977 D.
634 3914 772 3975 XXXV.
807 3915 910 3977 Menae
936 3917 1105 3978 Februarii.
1142 3923 1170 3973 4.
1213 3909 1290 3996 Ipse

149 4017 316 4106 possideo.

239 4147 328 4208 Gean.
344 4139 384 4229 L]
410 4144 534 4206 Ioannis
557 4143 676 4206 Stobaei
696 4145 863 4207 Sententiae
882 4153 943 4208 otc.
966 4163 986 4205 a
1007 4145 1145 4206 Conrado
1162 4144 1291 4202 Gesnero

149 4379 266 4431 melinus
284 4375 412 4429 curavit.
446 4376 591 4440 Nunquam
607 4375 706 4426 vidisti
728 4374 836 4426 lacinus
858 4373 1057 4440 impudentium
1084 4369 1151 4419 nihil
1173 4366 1290 4429 foedius,

146 4477 194 4522 ant
214 4471 245 4522 in
265 4483 325 4535 qno
344 4465 458 4515 maioris
476 4465 659 4532 negligentiae
676 4465 814 4531 specimen
832 4462 998 4530 typographi
1015 4459 1149 4510 dederint.

1046 4544 1084 4602 θ*
